@misc{reglin,
  author = {Selva Prabhakaran},
  title = {{Linear Regression}},
  howpublished = "\url{http://r-statistics.co/Linear-Regression.html}",
  year = {2016}, 
  note = "[Online; acessado em 20-Setembro-2020]"
}

@article{yang2020hyperparameter,
  title={On hyperparameter optimization of machine learning algorithms: Theory and practice},
  author={Yang, Li and Shami, Abdallah},
  journal={Neurocomputing},
  volume={415},
  pages={295--316},
  year={2020},
  publisher={Elsevier}
}

@article{medeiros2009aplicaccao,
  title={A aplica{\c{c}}{\~a}o do m{\'e}todo regress{\~a}o linear simples na demanda de produtos sazonais: um estudo de caso},
  author={Medeiros, Flaviani Souto Bolzan and Bianchi, Renata Coradini},
  journal={Disciplinarum Scientia| Sociais Aplicadas},
  volume={5},
  number={1},
  pages={35--53},
  year={2009}
}

@article{schneider2010linear,
  title={Linear regression analysis: part 14 of a series on evaluation of scientific publications},
  author={Schneider, Astrid and Hommel, Gerhard and Blettner, Maria},
  journal={Deutsches {\"A}rzteblatt International},
  volume={107},
  number={44},
  pages={776},
  year={2010},
  publisher={Deutscher Arzte-Verlag GmbH}
}