@book{cingolani2000fisiologia,
  title={Fisiolog{\'\i}a humana de Houssay},
  author={Cingolani, Horacio E and others},
  year={2000},
  publisher={El ateneo}
}


@article{mansur2012mortalidade,
  title={Mortalidade por doen{\c{c}}as cardiovasculares no Brasil e na regi{\~a}o metropolitana de S{\~a}o Paulo: atualiza{\c{c}}{\~a}o 2011},
  author={Mansur, Antonio de Padua and Favarato, Desid{\'e}rio},
  journal={Arq. bras. cardiol},
  volume={99},
  number={2},
  pages={755--761},
  year={2012}
}

@article{lorga2002diretrizes,
	title={Diretrizes para avalia{\c{c}}{\~a}o e tratamento de pacientes com arritmias card{\'\i}acas},
	author={Lorga, Adalberto and Lorga Filho, Adalberto and D'{\'A}vila, Andr{\'e} and Rassi Jr, Anis and de Paola, Angelo AV and Pedrosa, An{\'\i}sio and Costa, {\'A}lvaro Barros da and Peres, Ayrton and Grupi, C{\'e}sar and Cirenza, Cl{\'a}udio and others},
	journal={Arquivos Brasileiros de Cardiologia},
	volume={79},
	pages={1--50},
	year={2002},
	publisher={SciELO Brasil}
}

@book{raffa2008netter,
	title={Netter. Farmacolog{\'\i}a ilustrada},
	author={Raffa, R.B.},
	year={2008},
	publisher={Elsevier Masson}
	pages = {440},
}

@book{hall2012guyton,
	title={Guyton \& Hall Fundamentos de Fisiologia},
	author={Hall, John E},
	year={2012},
	edition={12},
	publisher={Elsevier Brasil}
}

@misc{aami:2008,
	author       = "{ANSI/AAMI}",
	title        = "Testing and Reporting Performance Results of Cardiac Rhythm and {ST} Segment Measurement Algorithms",
	howpublished = "American National Standards Institute, Inc. (ANSI), Association for the Advancement of Medical Instrumentation (AAMI), {ANSI/AAMI/ISO} EC57, 1998-(R)2008",
	year         = "2008",
}

@article{feldman2004eletrocardiograma,
	title={Eletrocardiograma: recomenda{\c{c}}{\~o}es para a sua interpreta{\c{c}}{\~a}o},
	author={Feldman, Jos{\'e} and Goldwasser, Gerson P},
	journal={Revista da SOCERJ},
	volume={14},
	number={4},
	pages={256},
	year={2004}
}

@book{moore2013clinically,
	title={Clinically Oriented Anatomy},
	author={Moore, K.L. and Dalley, A.F. and Agur, A.M.R.},
	edition={7},
	series={Clinically Oriented Anatomy},
	year={2013},
	publisher={Wolters Kluwer Health}
}

@article{luz2012classificaccao,
	title={Classifica{\c{c}}{\~a}o autom{\'a}tica de arritmias: um novo m{\'e}todo usando classifica{\c{c}}{\~a}o hier{\'a}rquica.},
	author={Luz, Eduardo Jos{\'e} da Silva},
	year={2012},
	publisher={Programa de P{\'o}s-Gradua{\c{c}}{\~a}o em Ci{\^e}ncia da Computa{\c{c}}{\~a}o. Departamento de Ci{\^e}ncia da Computa{\c{c}}{\~a}o, Instituto de Ci{\^e}ncias Exatas e Biol{\'o}gicas, Universidade Federal de Ouro Preto.}
}
@article{4120584, 
	author={L. F. Dell'Osso}, 
	journal={IEEE Transactions on Biomedical Engineering}, 
	title={An Arrhythmia-Anomalous Beat Monitoring System}, 
	year={1973}, 
	volume={BME-20}, 
	number={1}, 
	pages={43-50}, 
	keywords={Band pass filters;Condition monitoring;Detectors;Electrocardiography;Gain control;Heart;Logic circuits;Morphology;Rectifiers;Timing;Arrhythmias, Cardiac;Coronary Care Units;Electrocardiography;Electronics, Medical;Heart Function Tests;Heart Rate;Humans;Monitoring, Physiologic}, 
	doi={10.1109/TBME.1973.324250}, 
	ISSN={0018-9294}, 
	month={Jan},}

@inproceedings{gustafson1976statistical,
	title={A statistical approach to rhythm diagnosis of cardiograms},
	author={Gustafson, Donald E and Willsky, Allan S and Lancaster, Malcolm C},
	booktitle={Decision and Control including the 15th Symposium on Adaptive Processes, 1976 IEEE Conference on},
	pages={1050--1052},
	year={1976},
	organization={IEEE}
}
@inproceedings{sadhukhan2014ecg,
	title={ECG noise reduction using Fourier coefficient suppression},
	author={Sadhukhan, Deboleena and Mitra, Madhuchhanda},
	booktitle={Control, Instrumentation, Energy and Communication (CIEC), 2014 International Conference on},
	pages={142--146},
	year={2014},
	organization={IEEE}
}
@article{luz2016ecg,
	title={ECG-based heartbeat classification for arrhythmia detection: A survey},
	author={Luz, Eduardo Jos{\'e} da S and Schwartz, William Robson and C{\'a}mara-Ch{\'a}vez, Guillermo and Menotti, David},
	journal={Computer methods and programs in biomedicine},
	volume={127},
	pages={144--164},
	year={2016},
	publisher={Elsevier}
}

@inproceedings{queiroz2015automatic,
	title={Automatic cardiac arrhythmia detection and classification using vectorcardiograms and complex networks},
	author={Queiroz, Vin{\'\i}cius and Luz, Eduardo and Moreira, Gladston and Guarda, {\'A}lvaro and Menotti, David},
	booktitle={2015 37th Annual International Conference of the IEEE Engineering in Medicine and Biology Society (EMBC)},
	pages={5203--5206},
	year={2015},
	organization={IEEE}
}
@inproceedings{garcia2016,
	title={Improving Automatic Cardiac Arrhythmia Classification: Joining Temporal-Vcg, Complex Networks and Svm Classifier},
	author={Garcia, Gabriel and Luz, Eduardo and Moreira, Gladston and Menotti, David},
	booktitle={International Joint Conference on Neural Networks (IJCNN 2016)},
	year={2016},
	organization={IEEE}
}
@article{de2004automatic,
	title={Automatic classification of heartbeats using ECG morphology and heartbeat interval features},
	author={De Chazal, Philip and O'Dwyer, Maria and Reilly, Richard B},
	journal={IEEE Transactions on Biomedical Engineering},
	volume={51},
	number={7},
	pages={1196--1206},
	year={2004},
	publisher={IEEE}
}

@inproceedings{vullings1997ecg,
	title={ECG segmentation using time-warping},
	author={Vullings, HJLM and Verhaegen, MHG and Verbruggen, Henk B},
	booktitle={International Symposium on Intelligent Data Analysis},
	pages={275--285},
	year={1997},
	organization={Springer}
}

@article{andreao2007combining,
	title={Combining wavelet transform and hidden Markov models for ECG segmentation},
	author={Andre{\~a}o, Rodrigo Varej{\~a}o and Boudy, J{\'e}r{\^o}me},
	journal={EURASIP Journal on Applied Signal Processing},
	volume={2007},
	number={1},
	pages={95--95},
	year={2007},
	publisher={Hindawi Publishing Corp.}
}

@article{yu2007electrocardiogram,
	title={Electrocardiogram beat classification based on wavelet transformation and probabilistic neural network},
	author={Yu, Sung-Nien and Chen, Ying-Hsiang},
	journal={Pattern Recognition Letters},
	volume={28},
	number={10},
	pages={1142--1150},
	year={2007},
	publisher={Elsevier}
}

@article{ye2012heartbeat,
	title={Heartbeat classification using morphological and dynamic features of ECG signals},
	author={Ye, Can and Kumar, BVK Vijaya and Coimbra, Miguel Tavares},
	journal={IEEE Transactions on Biomedical Engineering},
	volume={59},
	number={10},
	pages={2930--2941},
	year={2012},
	publisher={IEEE}
}

@article{llamedo2011heartbeat,
	title={Heartbeat classification using feature selection driven by database generalization criteria},
	author={Llamedo, Mariano and Mart{\'\i}nez, Juan Pablo},
	journal={IEEE Transactions on Biomedical Engineering},
	volume={58},
	number={3},
	pages={616--625},
	year={2011},
	publisher={IEEE}
}
@inproceedings{jiang2006ecg,
	title={ECG arrhythmias recognition system based on independent component analysis feature extraction},
	author={Jiang, Xing and Zhang, Liqing and Zhao, Qibin and Albayrak, Sahin},
	booktitle={TENCON 2006-2006 IEEE Region 10 Conference},
	pages={1--4},
	year={2006},
	organization={IEEE}
}
@article{mar2011optimization,
	title={Optimization of ECG classification by means of feature selection},
	author={Mar, Tanis and Zaunseder, Sebastian and Mart{\'\i}nez, Juan Pablo and Llamedo, Mariano and Poll, R{\"u}diger},
	journal={IEEE transactions on Biomedical Engineering},
	volume={58},
	number={8},
	pages={2168--2177},
	year={2011},
	publisher={IEEE}
}
@inproceedings{ye2010arrhythmia,
	title={Arrhythmia detection and classification using morphological and dynamic features of ECG signals},
	author={Ye, Can and Coimbra, Miguel Tavares and Kumar, BVK Vijaya},
	booktitle={2010 Annual International Conference of the IEEE Engineering in Medicine and Biology},
	pages={1918--1921},
	year={2010},
	organization={IEEE}
}
@article{yeh2009cardiac,
	title={Cardiac arrhythmia diagnosis method using linear discriminant analysis on ECG signals},
	author={Yeh, Yun-Chi and Wang, Wen-June and Chiou, Che Wun},
	journal={Measurement},
	volume={42},
	number={5},
	pages={778--789},
	year={2009},
	publisher={Elsevier}
}
@article{willems1987comparison,
title={Comparison of multigroup logistic and linear discriminant ECG and VCG classification},
author={Willems, Jos L and Lesaffre, Emmanuel},
journal={Journal of electrocardiology},
volume={20},
number={2},
pages={83--92},
year={1987},
publisher={Elsevier}
}
@article{ubeyli2009combining,
	title={Combining recurrent neural networks with eigenvector methods for classification of ECG beats},
	author={{\"U}beyli, Elif Derya},
	journal={Digital Signal Processing},
	volume={19},
	number={2},
	pages={320--329},
	year={2009},
	publisher={Elsevier}
}
@article{silipo1998artificial,
	title={Artificial neural networks for automatic ECG analysis},
	author={Silipo, Rosaria and Marchesi, Carlo},
	journal={IEEE transactions on signal processing},
	volume={46},
	number={5},
	pages={1417--1425},
	year={1998},
	publisher={IEEE}
}
@inproceedings{moody1990bih,
	title={The MIT-BIH arrhythmia database on CD-ROM and software for use with it},
	author={Moody, George B and Mark, Roger G},
	booktitle={Computers in Cardiology 1990, Proceedings.},
	pages={185--188},
	year={1990},
	organization={IEEE}
}
@article{shadmand2016new,
	title={A new personalized ECG signal classification algorithm using Block-based Neural Network and Particle Swarm Optimization},
	author={Shadmand, Shirin and Mashoufi, Behbood},
	journal={Biomedical Signal Processing and Control},
	volume={25},
	pages={12--23},
	year={2016},
	publisher={Elsevier}
}

@unpublished{Vaz:14,
	author  = {Daniel Vaz and Lu\'is Paquete  and Carlos M. Fonseca and Kathrin Klamroth and Michael Stiglmayr},
	title   = {Representation of the non-dominated set in biobjective combinatorial optimization},
	institution = {Fachbereich Mathematik},
	pages     = {},
	year    = {2014}
}

@unpublished{Kuhn:14,
	author  = {Tobias Kuhn and Carlos M. Fonseca and Lu{\'i}s Paquete and Stefan Ruzika and Jos{\'e} Rui Figueira},
	title   = {Hypervolume Subset Selection in Two Dimensions: Formulations and Algorithms},
	institution = {Fachbereich Mathematik},
	pages     = {14},
	year    = {2014}
}


@article{Fau:10,
	year={2010},
	journal={Optimization and Engineering},
	volume={11},
	number={3},
	title={On the quality of discrete representations in multiple objective programming},
	author={Faulkenberg, S. L. and Wiecek, M. M.},
	pages={423--440},
}

@article{Say:00,
	year={2000},
	journal={Mathematical Programming},
	volume={87},
	number={3},
	title={Measuring the quality of discrete representations of efficient sets in multiple objective mathematical programming},
	author={Sayin, S.},
	pages={543--560},
}

@article{Ruz:05,
	year={2005},
	journal={Journal of Optimization Theory and Applications},
	volume={126},
	number={3},
	title={Approximation Methods in Multiobjective Programming},
	author={Ruzika, S. and Wiecek, M. M.},
	pages={473--501},
}

@article{Eus:14,
	title = {On finding representative non-dominated points for bi-objective integer network flow problems},
	journal = {Computers $\&$ Operations Research},
	volume = {48},
	pages = {1--10},
	year = {2014},
	author = {A. Eus\'ebio and J. R. Figueira and M. Ehrgott},
}

@article{Dvaz:13,
	title = {A note on the $\epsilon$-indicator subset selection},
	journal = {Theoretical Computer Science},
	volume = {499},
	number = {},
	pages = {113--116},
	year = {2013},
	author = {Vaz, D and Paquete, L. and Ponte, A.},
	
}

@incollection{Shi:09,
	year={2009},
	booktitle={Evolutionary Multi-Criterion Optimization},
	volume={5467},
	series={Lecture Notes in Computer Science},
	editor={Ehrgott, Matthias and Fonseca, CarlosM. and Gandibleux, Xavier and Hao, Jin-Kao and Sevaux, Marc},
	title={Enhancing Decision Space Diversity in Evolutionary Multiobjective Algorithms},
	publisher={Springer Berlin Heidelberg},
	author={Shir, O. and Preuss, M. and Naujoks, B. and Emmerich, M.},
	pages={95--109}
}

@inproceedings{Ulr:10,
	author = {Ulrich, T. and Bader, J. and Zitzler, E.},
	title = {Integrating Decision Space Diversity into Hypervolume-based Multiobjective Search},
	booktitle = {Proceedings of the 12th Annual Conference on Genetic and Evolutionary Computation},
	series = {GECCO '10},
	year = {2010},
	pages = {455--462},
	numpages = {8},
	
}

@inproceedings{Zec:11,
	author = {Zechman, E. M. and Giacomoni, M. H. and Shafiee, M. E.},
	title = {A Multi-objective Niching Co-evolutionary Algorithm (MNCA) for Identifying Diverse Sets of Non-dominated Solutions},
	booktitle = {Proceedings of the 13th Annual Conference Companion on Genetic and Evolutionary Computation},
	series = {GECCO '11},
	year = {2011},
	pages = {805--806},
	numpages = {2},
	
} 
@inproceedings{Nar:13,
	author = {Narukawa, K.},
	title = {Finding a Diverse Set of Decision Variables in Evolutionary Many-objective Optimization},
	booktitle = {Proceeding of the Fifteenth Annual Conference Companion on Genetic and Evolutionary Computation Conference Companion},
	series = {GECCO '13 Companion},
	year = {2013},
	pages = {95--96},
	numpages = {2},
	
}

@ARTICLE{Tof:03,
	author = {Toffolo, A. and Benini, E.},
	title = {Genetic diversity as an objective in multi-objective evolutionary algorithms},
	journal = {Evolutionary Computation},
	year = {2003},
	volume = {11},
	pages = {151--167},
	number = {2},
}

@ARTICLE{Aug:12,
	author = {Auger, A. and Bader, J. and Brockhoff, D. and Zitzler, E.},
	title = {Hypervolume-based multiobjective optimization: Theoretical foundations and practical implications},
	journal = {Theoretical Computer Science},
	year = {2012},
	volume = {},
	pages = {75--103},
	number = {425},
}

@ARTICLE{Beu:07,
	author = {Beume, N. and Naujoks, B. and Emmerich, M.},
	title = {SMS-EMOA: Multiobjective selection based on dominated hypervolume},
	journal = {European Journal of Operational Research},
	year = {2007},
	volume = {},
	pages = {1653--1669},
	number = {181},
}


@ARTICLE{Deb:02,
	author = {Deb, K. and Pratap, A. and Agarwal, S. and Meyarivan, T.},
	title = {A fast and elitist multiobjective genetic algorithm: NSGA-II},
	journal = {IEEE Transactions on Evolutionary Computation},
	year = {2002},
	volume = {6},
	pages = {182--197},
	number = {2},
}
@book{cohen1986biomedical, title={Biomedical Signal Processing: Time and frequency domains analysis}, author={Cohen, A.}, number={v. 1}, isbn={9780849359347}, lccn={85009626}, series={Biomedical Signal Processing}, url={https://books.google.com.br/books?id=lC5rAAAAMAAJ}, year={1986}, publisher={CRC Press} }


@article{sayadi2007multiadaptive,
	title={Multiadaptive bionic wavelet transform: Application to ECG denoising and baseline wandering reduction},
	author={Sayadi, Omid and Shamsollahi, Mohammad B},
	journal={EURASIP Journal on Advances in Signal Processing},
	volume={2007},
	number={1},
	pages={1--11},
	year={2007},
	publisher={Springer}
}

@article{bahoura1997dsp,
	title={DSP implementation of wavelet transform for real time ECG wave forms detection and heart rate analysis},
	author={Bahoura, M and Hassani, M and Hubin, M},
	journal={Computer methods and programs in biomedicine},
	volume={52},
	number={1},
	pages={35--44},
	year={1997},
	publisher={Elsevier}
}

@article{sayadi2008ecg,
	title={ECG denoising and compression using a modified extended Kalman filter structure},
	author={Sayadi, Omid and Shamsollahi, Mohammad Bagher},
	journal={Biomedical Engineering, IEEE Transactions on},
	volume={55},
	number={9},
	pages={2240--2248},
	year={2008},
	publisher={IEEE}
}

@article{martinez2004wavelet,
	title={A wavelet-based ECG delineator: evaluation on standard databases},
	author={Mart{\'\i}nez, Juan Pablo and Almeida, Rute and Olmos, Salvador and Rocha, Ana Paula and Laguna, Pablo},
	journal={Biomedical Engineering, IEEE Transactions on},
	volume={51},
	number={4},
	pages={570--581},
	year={2004},
	publisher={IEEE}
}

@article{li1995detection,
	title={Detection of ECG characteristic points using wavelet transforms},
	author={Li, Cuiwei and Zheng, Chongxun and Tai, Changfeng},
	journal={Biomedical Engineering, IEEE Transactions on},
	volume={42},
	number={1},
	pages={21--28},
	year={1995},
	publisher={IEEE}
}

@inproceedings{moreira2010lmi,
	title={LMI formulation for multiobjective learning in Radial Basis Function neural networks},
	author={Moreira, Gladston JP and Wanner, Elizabeth F and Guimaraes, Frederico G and Duczmal, Luiz H and Takahashi, Ricardo HC},
	booktitle={Neural Networks (IJCNN), The 2010 International Joint Conference on},
	pages={1--7},
	year={2010},
	organization={IEEE}
}
@book{haykin2009neural,
	title={Neural networks and learning machines},
	author={Haykin, Simon S and Haykin, Simon S and Haykin, Simon S and Haykin, Simon S},
	volume={3},
	year={2009},
	publisher={Pearson Education Upper Saddle River}
}
@book{bishop1995neural,
	title={Neural networks for pattern recognition},
	author={Bishop, Christopher M},
	year={1995},
	publisher={Oxford university press}
}

@inproceedings{Luz2011,
	author    = {Eduardo Luz and David Menotti},
	title     = {How the Choice of Samples for Building Arrhythmia Classifiers Impact Their Performances},
	booktitle = EMBC,
	pages     = {4988--4991},
	year      = {2011},
}

@article{Moody2001,
	author    = "G. B. Moody and R. G. Mark", 
	title     = "The impact of the {MIT}-{BIH} Arrhythmia Database", 
	journal   = "{IEEE} Engineering in Medicine and Biology Magazine", 
	volume    = "20", 
	number    = "3", 
	pages     = "45--50",
	year      = "2001",  
}
@article{Chazal2004,
	author    = "P. {de Chazal} and M. O'Dwyer and R. B. Reilly", 
	title     = "Automatic classification of heartbeats using {ECG} morphology and heartbeat interval features", 
	journal   = TBE, 
	volume    = "51", 
	number    = "7", 
	pages     = "1196--1206",
	year      = "2004",  
}

@article{Chang2011,
	Author  = {Chang, Chih-Chung and Lin, Chih-Jen},
	Title   = {{LibSVM}: A library for support vector machines},
	Journal = {ACM Transactions on Intelligent Systems and Technology},
	Volume  = {2},
	Number  = {3},
	Pages   = {27:1--27:27},
	Year    = {2011},
	note    = {software available at: \url{http://www.csie.ntu.edu.tw/~cjlin/libsvm}}
}

@book{clifford2006,
	title={Advanced Methods And Tools for ECG Data Analysis},
	author={Clifford, G. D. and Azuaje, F. and McSharry, P.},
	year={2006},
	publisher={Artech House Publishers},
}

@article{chang2011libsvm,
	title={LIBSVM: a library for support vector machines},
	author={Chang, Chih-Chung and Lin, Chih-Jen},
	journal={ACM Transactions on Intelligent Systems and Technology (TIST)},
	volume={2},
	number={3},
	pages={27},
	year={2011},
	publisher={ACM}
}
@inproceedings{james1995particle,
	title={Particle swarm optimization},
	author={James, Kennedy and Russell, Eberhart},
	booktitle={Proceedings of 1995 IEEE International Conference on Neural Networks},
	pages={1942--1948},
	year={1995}
}
@article{settles2005introduction,
	title={An introduction to particle swarm optimization},
	author={Settles, Matthew},
	year={2005},
	publisher={Department of Computer Science, University of Idaho},
	pages={8}
}
@String{ JDSP   = "Digital Signal Processing"}

@String{ EJASP  = "{EURASIP} Journal on Advances in Signal Processing"}

@String{ EJAPSP = "{EURASIP} Journal on Applied Signal Processing"}

@String{ ESWA   = "Expert Systems with Applications"}

@String{ TITB   = "{IEEE} Transactions on Information Technology in Biomedicine"}

@String{ TBE    = "{IEEE} Transactions on Biomedical Engineering"}

@String{ TNN    = "{IEEE} Transactions on Neural Networks"}


@String{ EMBC   = "Annual International Conference of the {IEEE} Engineering in Medicine and Biology Society ({EMBC})"}

@String{ ICDSP  = "{IEEE} International Conference on Digital Signal Processing ({ICDSP})"}

@String{ IJCNN  = "{IEEE} International Joint Conference on Neural Networks ({IJCNN})"}

@ARTICLE{Cortes:95,
	author = {C. Cortes and V. Vapnik},
	title = {Support Vector Networks},
	journal = {Machine Learning},
	volume = {20},
	pages = {273--297},
	number = {3},
	year = {1995},
}

@article{bib:OvwStLearnTheory,
	author = {V. N. Vapnik},
	title = {{An Overview of Statistical Learning Theory}},
	journal = {IEEE Transactions on Neural Networks},
	year = {1999},
	volume = {10},
	pages = {988-999},
	number = {5},
}

@book{LWK,
	title = {{Learning with Kernels}},
	publisher = {MIT Press},
	year = {2002},
	author = {B. Sch\"olkopf and A. J. Smola},
}

@ARTICLE{kiranyaz_et_al:2015,
	author={Kiranyaz, S. and Ince, T. and Gabbouj, M.}, 
	title={Real-Time Patient-Specific {ECG} Classification by {1D} Convolutional Neural Networks}, 
	journal=TBE,   
	pages={1--12},
	year={2015}, 
	note = {~ accepted for publication}
}

@inproceedings{chazal:2014,
	title={Heartbeat classification system using adaptive learning from selected beats},
	author={de Chazal, Philip},
	booktitle={Computing in Cardiology Conference (CinC), 2014},
	pages={729--732},
	year={2014},
}

@article{Luz:15,
	title = "{ECG}-based Heartbeat Classification for Arrhythmia Detection: A Survey ",
	journal = "Computer Methods and Programs in Biomedicine ",
	volume = "",
	number = "",
	pages = "",
	year = "2015",
	note = "accepted to publication",
	
	author = "Eduardo Joséda S. Luz and William Robson Schwartz and Guillermo Cámara Chávez and David Menotti",
	
}

@article{lukovsevivcius:2009,
	title={Reservoir computing approaches to recurrent neural network training},
	author={Luko{\v{s}}evi{\v{c}}ius, Mantas and Jaeger, Herbert},
	journal={Computer Science Review},
	volume={3},
	number={3},
	pages={127--149},
	year={2009},
}

@article{rodan_tino:2011,
	title={Minimum complexity echo state network},
	author={Rodan, Ali and Ti{\v{n}}o, Peter},
	journal=TNN,
	volume={22},
	number={1},
	pages={131--144},
	year={2011},
}

@article{alickovic_subasi:2015,
	title={Effect of Multiscale PCA De-noising in {ECG} Beat Classification for Diagnosis of Cardiovascular Diseases},
	author={Alickovic, Emina and Subasi, Abdulhamit},
	journal={Circuits, Systems, and Signal Processing},
	volume={34},
	number={2},
	pages={513--533},
	year={2015},
}

@article{tran_et_al:2014,
	title={Multiple neural network integration using a binary decision tree to improve the {ECG} signal recognition accuracy},
	author={Tran, Hoai Linh and Pham, Van Nam and Vuong, Hoang Nam},
	journal={International Journal of Applied Mathematics and Computer Science},
	volume={24},
	number={3},
	pages={647--655},
	year={2014}
}

@inproceedings{sarfraz_et_al:2014,
	title={Using independent component analysis to obtain feature space for reliable {ECG} Arrhythmia classification},
	author={Sarfraz, Mohammad and Khan, Adnan Ahmed and Li, Francis F.},
	booktitle={IEEE International Conference on Bioinformatics and Biomedicine (BIBM)},
	pages={62--67},
	year={2014},
}

@article{mert_et_al:2014,
	title={Evaluation of bagging ensemble method with time-domain feature extraction for diagnosing of arrhythmia beats},
	author={Mert, Ahmet and K{\i}l{\i}{\c{c}}, Niyazi and Akan, Ayd{\i}n},
	journal={Neural Computing and Applications},
	volume={24},
	number={2},
	pages={317--326},
	year={2014},
}


@article{chen_et_al:2014,
	title={Hybrid classification engine for cardiac arrhythmia cloud service in elderly healthcare management},
	author={Chen, Huan and Cheng, Bo-Chao and Liao, Guo-Tan and Kuo, Ting-Chun},
	journal={Journal of Visual Languages \& Computing},
	volume={25},
	number={6},
	pages={745--753},
	year={2014},
}

@inproceedings{ahmed_arafat:2014,
	title={Cardiac arrhythmia classification using hierarchical classification model},
	author={Ahmed, Rizwan and Arafat, Samer},
	booktitle={International Conference on Computer Science and Information Technology (CSIT)},
	pages={203--207},
	year={2014},
}

@article{aslantas_et_al:2014,
	title={GA-NN approach for {ECG} feature selection in rule based arrhythmia classification},
	author={Aslantas, G{\"o}zde and G{\"u}rgen, Fikret and Salah, Albert Ali},
	journal={Neural Network World},
	volume={24},
	number={3},
	pages={267--283},
	year={2014},
}

@article{zhang_luo:2014,
	title={Heartbeat classification using decision level fusion},
	author={Zhang, Zhancheng and Luo, Xiaoqing},
	journal={Biomedical Engineering Letters},
	volume={4},
	number={4},
	pages={388--395},
	year={2014},
}


@article{doquire_et_al:2011,
	author={Doquire, Gauthier and {de Lannoy}, Gael and Fran{\c{c}}ois, Damien and Verleysen, Michel},
	title={Feature selection for interpatient supervised heart beat classification},
	journal={Computational Intelligence and Neuroscience},
	volume={2011},
	pages={1--9},
	year={2011},
}

@inproceedings{doquire_out:2011,
	author    = "G. Doquire and G. {de Lannoy} and D. Francois and M. Verleysen",
	title     = "Feature selection for supervised inter-patient heart beat classification",
	booktitle = "International Conference on Bio-Inspired Systems Signal Process",
	pages     = "67--73",
	year      = "2011", 
}


@article{escalona_et_al:2015,
	author={Escalona-Moran, M. A. and Soriano, M. C. and Fischer, I. and Mirasso, C. R.},
	title={Electrocardiogram Classification Using Reservoir Computing With Logistic Regression},
	journal={IEEE Journal of Biomedical and Health Informatics},
	year={2015},
	volume={19},
	number={3},
	pages={892--898}
}

@article{lin_yang:2014,
	title={Heartbeat classification using normalized {RR} intervals and morphological features},
	author={Lin, Chun-Cheng and Yang, Chun-Min},
	journal={Mathematical Problems in Engineering},
	volume={2014},
	pages={1--11},
	year={2014},
}

@article{huang_et_al:2014,
	author={Huang, Huifang and Liu, Jie and Zhu, Qiang and Wang, Ruiping and Hu, Guangshu},
	title={A new hierarchical method for inter-patient heartbeat classification using random projections and {RR} intervals},
	journal={Biomedical Engineering Online},
	volume={13},
	pages={1--26},
	year={2014},
}

@article{Rahhal_et_al:2015,
	title={Classification of AAMI heartbeat classes with an interactive ELM ensemble learning approach},
	author={Al Rahhal, Mohamad M and Bazi, Yakoub and Alajlan, Naif and Malek, Salim and Al-Hichri, Haikel and Melgani, Farid and Al Zuair, Mansour A},
	journal={Biomedical Signal Processing and Control},
	volume={19},
	pages={56--67},
	year={2015},
}

@article{zhang_et_al:2014,
	title={Heartbeat classification using disease-specific feature selection},
	author={Zhang, Zhancheng and Dong, Jun and Luo, Xiaoqing and Choi, Kup-Sze and Wu, Xiaojun},
	journal={Computers in Biology and Medicine},
	volume={46},
	pages={79--89},
	year={2014},
}

@inproceedings{zhang:2005,
	title={Wavelet approach for {ECG} baseline wander correction and noise reduction},
	author={Zhang, Donghui},
	booktitle=EMBC,
	pages={1212--1215},
	year={2005},
}

@inproceedings{martins_et_al:2011,
	title={High-Performance groundless {EEG}/{ECG} capacitive electrodes},
	author={Martins, Raul Carneiro and Primor, Diogo and Paiva, Teresa},
	booktitle={Medical Measurements and Applications Proceedings (MeMeA), 2011 IEEE International Workshop on},
	pages={503--506},
	year={2011},
}

@article{chi_et_al:2010,
	title={Dry-contact and noncontact biopotential electrodes: methodological review},
	author={Chi, Yu Mike and Jung, Tzyy-Ping and Cauwenberghs, Gert},
	journal={IEEE Reviews in Biomedical Engineering},
	volume={3},
	pages={106--119},
	year={2010},
}

@book{topol:2013,
	title={The Creative Destruction of Medicine: How the Digital Revolution Will Create Better Health Care},
	author={Boland, Peter},
	publisher={Basic Books},
	year={2013},
}

@article{silva_et_al:2015,
	title={Off-the-person electrocardiography: performance assessment and clinical correlation},
	author={da Silva, Hugo Pl{\'a}cido and Carreiras, Carlos and Louren{\c{c}}o, Andr{\'e} and Fred, Ana and das Neves, Rui C{\'e}sar and Ferreira, Rui},
	journal={Health and Technology},
	volume={4},
	number={4},
	pages={309--318},
	year={2015},
}

@article{besterman:1979,
	author={Besterman, Edwin and Creese, Richard},
	title={Waller--pioneer of electrocardiography},
	journal={British Heart Journal},
	volume={42},
	number={1},
	pages={61--64},
	year={1979},
}

@incollection{ince_et_al:2012,
	title={A Generic and Patient-Specific Electrocardiogram Signal Classification System},
	author={Ince, Turker and Kiranyaz, Serkan and Gabbouj, Moncef},
	booktitle={{ECG} Signal Processing, Classification and Interpretation},
	pages={79--98},
	year={2012},
	publisher={Springer}
}

@inproceedings{torralba_efros:2011,
	title={Unbiased look at dataset bias},
	author={Torralba, Antonio and Efros, Alexei A},
	booktitle={IEEE Conference on Computer Vision and Pattern Recognition ({CVPR})},
	pages={1521--1528},
	year={2011}
}


@inproceedings{banko_brill:2001,
	title={Scaling to very very large corpora for natural language disambiguation},
	author={Banko, Michele and Brill, Eric},
	booktitle={Annual Meeting on Association for Computational Linguistics},
	pages={26--33},
	year={2001},
}


@inproceedings{bazi_et_al:2013,
	title={Domain adaptation methods for {ECG} classification},
	author={Bazi, Yakoub and Alajlan, Naif and AlHichri, Haikel and Malek, Salim},
	booktitle={International Conference on Computer Medical Applications ({ICCMA})},
	pages={1--4},
	year={2013},
}

@inproceedings{abdullah_et_al:2012,
	title={{ECG} classification using wavelet transform and discriminant analysis},
	author={Abdullah, Farah Nur Atiqah Francis and Abas, Fazly Salleh and Besar, Rosli},
	booktitle={International Conference on Biomedical Engineering ({ICoBE})},
	pages={191--196},
	year={2012},
}

@article{kamath:2012,
	title={{ECG} classification using morphological features derived from symbolic dynamics},
	author={Kamath, Chandrakar},
	journal={International Journal of Biomedical Engineering and Technology},
	volume={9},
	number={4},
	pages={325--336},
	year={2012},
}

@inproceedings{kallas_et_al:2012,
	title={Multi-class {SVM} classification combined with kernel {PCA} feature extraction of {ECG} signals},
	author={Kallas, Maya and Francis, Clovis and Kanaan, Lara and Merheb, Dalia and Honeine, Paul and Amoud, Hassan},
	booktitle={International Conference on Telecommunications ({ICT})},
	pages={1--5},
	year={2012},
}

@inproceedings{kanaan_et_al:2011,
	title={{PCA} and {KPCA} of {ECG} signals with binary {SVM} classification},
	author={Kanaan, Lara and Merheb, Dalia and Kallas, Maya and Francis, Clovis and Amoud, Hassan and Honeine, Paul},
	booktitle={IEEE Workshop on Signal Processing Systems ({SiPS})},
	pages={344--348},
	year={2011},
}

@inproceedings{bogdanova_et_al:2012,
	title={A multi-lead {ECG} classification based on random projection features},
	author={Bogdanova, Iva and Rinc{\'o}n, Francisco and Atienza, David},
	booktitle={IEEE International Conference on Acoustics, Speech and Signal Processing ({ICASSP})},
	pages={625--628},
	year={2012},
}

@incollection{zhu_yanwei:2012,
	title={{SVM} Classification Algorithm in {ECG} Classification},
	author={Zhu, Yanwei},
	booktitle={Information Computing and Applications},
	pages={797--803},
	year={2012},
	publisher={Springer}
}

@article{charfi_kraiem:2012,
	title={Comparative Study of {ECG} Classification Performance Using Decision Tree Algorithms},
	author={Charfi, Faiza and Kraiem, Ali},
	journal={International Journal of E-Health and Medical Communications (IJEHMC)},
	volume={3},
	number={4},
	pages={102--120},
	year={2012},
}

@article{daamouche_et_al:2012,
	title={A wavelet optimization approach for {ECG} signal classification},
	author={Daamouche, Abdelhamid and Hamami, Latifa and Alajlan, Naif and Melgani, Farid},
	journal={Biomedical Signal Processing and Control},
	volume={7},
	number={4},
	pages={342--349},
	year={2012},
}

@inproceedings{muthulakshmi_latha:2012,
	title={Classification of {ECG} waveform using feature selection algorithm},
	author={Muthulakshmi, S and Latha, K},
	booktitle={IEEE International Conference on Advanced Communication Control and Computing Technologies ({ICACCCT})},
	pages={162--165},
	year={2012},
}

@inproceedings{perlman_et_al:2012,
	title={Cardiac arrhythmia classification in 12-lead {ECG} using synthetic atrial activity signal},
	author={Perlman, Or and Zigel, Yaniv and Amit, Guy and Katz, Amos},
	booktitle={IEEE Convention of Electrical \& Electronics Engineers in Israel ({IEEEI})},
	pages={1--4},  
	year={2012},
}

@article{wang_et_al:2013,
	title={{ECG} Arrhythmia Classification Using a Probabilistic Neural Network with a Feature Reduction Method},
	author={Wang, Jeen-Shing and Chiang, Wei-Chun and Hsu, Yu-Liang and Yang, Ya-Ting C},
	journal={Neurocomputing},
	volume = {116},
	number = {20},
	pages  = {38--45},
	year   = {2013},
}

@inproceedings{shet_et_al:2012,
	title={{ECG} Arrhythmia Classification Using R-Peak Based Segmentation, Binary Particle Swarm Optimization and Absolute Euclidean Classifier},
	author={Shet, M. S. and Patel, M. and Rao, A. and Kantharaj, C. and Suma, K. V.},
	booktitle={International Conference on Advances in Computing},
	pages={303--317},
	year={2012},
}

@article{khazaee_et_al:2013,
	title={Heart Beat Classification Using Particle Swarm Optimization},
	author={Khazaee, Ali},
	journal={International Journal of Intelligent Systems and Applications (IJISA)},
	volume={5},
	number={6},
	pages={25},
	year={2013}
}

@article{luz_et_al:2012,
	title={{ECG} arrhythmia classification based on optimum-path forest},
	author={Luz, Eduardo Jos{\'e} da S and Nunes, Thiago M and De Albuquerque, Victor Hugo C and Papa, Jo{\~a}o P. and Menotti, David},
	journal={Expert Systems with Applications},
	volume = {40},
	number = {9},
	pages = {3561--3573},
	year={2012},
}

@inproceedings{kumar_kumaraswamy:2013,
	title={Investigation and classification of {ECG} beat using Input Output Additional Weighted Feed Forward Neural Network},
	author={R. G. Kumar and Y. S. Kumaraswamy},
	booktitle={International Conference on Signal Processing, Image Processing \& Pattern Recognition ({ICSIPR})},
	pages={200--205},
	year={2013},
}

@article{Banerjee_mitra:2013,
	author={Banerjee, S. and Mitra, M.},
	title={Application of Cross Wavelet Transform for {ECG} Pattern Analysis and Classification},
	journal={IEEE Transactions on Instrumentation and Measurement},  
	volume={63},
	number={2},
	pages={326--333},
	year={2013},  
}


@inproceedings{ye_et_al_a:2012,
	author={Ye, Can and Kumar, B. V. K. and Coimbra, Miguel Tavares},
	title={Combining general multi-class and specific two-class classifiers for improved customized {ECG} heartbeat classification},
	booktitle={International Conference on Pattern Recognition ({ICPR})},
	pages={2428--2431},
	year={2012},
}

@article{ye_et_al_b:2012,
	title={Heartbeat Classification using Morphological and Dynamic Features of {ECG} Signals},
	author={Ye, C. and Bhagavatula, V. and Coimbra, Miguel Tavares},
	journal=TBE,
	volume = {59},
	number = {10},
	pages = {2930--2941},
	year={2012},
}


@misc{aami:2008,
	author       = "{ANSI/AAMI}",
	title        = "Testing and Reporting Performance Results of Cardiac Rhythm and {ST} Segment Measurement Algorithms",
	howpublished = "American National Standards Institute, Inc. (ANSI), Association for the Advancement of Medical Instrumentation (AAMI), {ANSI/AAMI/ISO} EC57, 1998-(R)2008",
	year         = "2008",
}


@incollection {costa_et_al:2008,
	author = {Costa, Eduardo and Lorena, Ana and Carvalho, AndrÃ© and Freitas, Alex},
	title = {Top-Down Hierarchical Ensembles of Classifiers for Predicting G-Protein-Coupled-Receptor Functions},
	booktitle = {Advances in Bioinformatics and Computational Biology},
	series = {Lecture Notes in Computer Science},
	publisher = {Springer Berlin / Heidelberg},
	pages = {35--46},
	volume = {5167},
	year = {2008},
}

@book{cohen:1988,
	author    = "A. Cohen",
	title     = "Biomedical Signal Processing",
	publisher = "CRC Press.",
	edition   = "",
	year      = "1988",
}

@book{clifford:2006,
	author    = "Clifford, G. D. and Azuaje, Francisco and McSharry, Patrick ",
	title     = "Advanced Methods And Tools for {ECG} Data Analysis",
	publisher = "Artech House Publishers",
	edition   = "1",
	year      = "2006",
	pages     = "384",
}

@ARTICLE{andreao_et_al:2006, 
	author={Andreao, R. V. and Dorizzi, B. and Boudy, J.}, 
	journal=TBE, 
	title={{ECG} signal analysis through hidden Markov models}, 
	year={2006}, 
	volume={53}, 
	number={8}, 
	pages={1541--1549}, 
}

@ARTICLE{rodriguez_et_al:2005, 
	author  = {Rodriguez, J. and Goni, A. and Illarramendi, A.}, 
	journal = TITB, 
	title   = {Real-time classification of {ECG}s on a {PDA}}, 
	year    = {2005}, 
	volume  = {9}, 
	number  = {1}, 
	pages   = {23--34}, 
}

@article{mahesh_et_al:2009,
	author    = "V. Mahesh and A. Kandaswamy and C. Vimal and B. Sathish", 
	journal   = "Journal of Biomedical Science and Engineering",  
	title     = "{ECG} arrhythmia classification based on logistic model tree", 
	volume    = "2", 
	number    = "6",
	pages     = "405--411 ", 
	year      = "2009", 
}

@article{dokur_olmez:2000,
	author = {Z\"{u}mray Dokur and Tamer \"{O}lmez},
	title = "{ECG} beat classification by a novel hybrid neural network",
	journal = "Computer Methods and Programs in Biomedicine",
	volume = "66",
	number = "2--3",
	pages = "167--181",
	year = "2001",
}


@article{acharya_et_al:2003,
	author = "U. Rajendra Acharya and P. Subbanna Bhat and S. S. Iyengar and Ashok Rao and Sumeet Dua",
	title = "Classification of heart rate data using artificial neural network and fuzzy equivalence relation",
	journal = "Pattern Recognition",
	volume = "36",
	number = "1",
	pages = "61--68",
	year = "2003",
}

@ARTICLE{sufi_khalil:2011, 
	author={Sufi, F. and Khalil, I.}, 
	journal=TITB, 
	title={Diagnosis of Cardiovascular Abnormalities From Compressed {ECG}: A Data Mining-Based Approach}, 
	volume={15}, 
	number={1}, 
	pages={33--39}, 
	year={2011},   
}


@article{mishra_raghav:2010,
	author = "Amit K. Mishra and Shantanu Raghav",
	title = "Local fractal dimension based {ECG} arrhythmia classification",
	journal = "Biomedical Signal Processing and Control",
	volume = "5",
	number = "2",
	pages = "114--123",
	year = "2010",
}

@ARTICLE{coast_et_al:1990, 
	author={Coast, D. A. and Stern, R. M. and Cano, G. G. and Briller, S. A.}, 
	journal=TBE, 
	title={An approach to cardiac arrhythmia analysis using hidden Markov models}, 
	year={1990}, 
	volume={37}, 
	number={9}, 
	pages={826--836}, 
}

@ARTICLE{lagerholm_et_al:2000, 
	author={Lagerholm, M. and Peterson, C. and Braccini, G. and Edenbrandt, L. and Sornmo, L.}, 
	journal=TBE, 
	title={Clustering {ECG} complexes using Hermite functions and self-organizing maps}, 
	year={2000}, 
	volume={47}, 
	number={7}, 
	pages={838--848}, 
}

@article{ozbay_tezel:2010,
	author  = {Y{\"u}ksel {\"O}zbay and G{\"u}lay Tezel},
	title   = {A new method for classification of {ECG} arrhythmias using neural network with adaptive activation function},
	journal = JDSP,
	volume  = {20},
	number  = {4},
	pages   = {1040--1049},
	year    = {2010},
}

@article{wen_et_al:2009,
	author = "Cheng Wen and Teng-Chiao Lin and Kuang-Chiung Chang and Chih-Hung Huang",
	title = "Classification of {ECG} complexes using self-organizing {CMAC}",
	journal = "Measurement",
	volume = "42",
	number = "3",
	pages = "399--407",
	year = "2009",
}

% incluir no . BIB
%P. S. Hamilton and W. Tompkins, ?Quantitative investigation of {QRS} detection rules using the MIT/BIH arrhythmia database,? IEEE Trans Biomed. Eng., vol. BME-33, pp. 1157?1165, Dec. 1986.
%J. Pan and W. J. Tompkins, ?A real-time {QRS} detection algorithm,? IEEE Trans. Biomed. Eng., vol. BME-32, pp. 230?236, Mar. 1985.

@ARTICLE{hamilton_tompkins:1986, 
	author  = {Patrick S. Hamilton and Willis J. Tompkins}, 
	title   = {Quantitative Investigation of {QRS} Detection Rules Using the {MIT}/{BIH} Arrhythmia Database}, 
	journal = TBE, 
	year    = {1986}, 
	volume  = {33}, 
	number  = {12}, 
	pages   = {1157--1165}, 
}

@article{afonso_et_al:1999,
	author    = "V. X. Afonso and W. J. Tompkins and T. Q. Nguyen and S. Luo", 
	journal   = TBE,
	title     = "{ECG} beat detection using filter banks",
	volume    = "46",
	number    = "2",
	pages     = "192--202",
	year      = "1999", 
}


@article{korurek_dogan:2010,
	author  = {Kor\"{u}rek, Mehmet and Do\u{g}an, Berat},
	title   = {{ECG} beat classification using particle swarm optimization and radial basis function neural network},
	journal = ESWA,
	pages = {7563--7569},
	volume  = {37},
	number  = {12},
	year    = {2010},
} 


@ARTICLE{martinez_et_al:2004, 
	author={Martinez, J. P. and Almeida, R. and Olmos, S. and Rocha, A. P. and Laguna, P.}, 
	journal=TBE, 
	title={A wavelet-based {ECG} delineator: evaluation on standard databases}, 
	pages={570--581}, 
	volume={51}, 
	number={4}, 
	year={2004}, 
}

@INPROCEEDINGS{hamilton:2002, 
	author={P. Hamilton}, 
	booktitle={Computers in Cardiology}, 
	title={Open source {ECG} analysis}, 
	year={2002}, 
	pages={101--104}, 
}

@INPROCEEDINGS{moraes_et_al:2002, 
	author    = {Moraes, J. C. T. B. and Freitas, M. M. and Vilani, F. N. and Costa, E. V.}, 
	title     = {A {QRS} complex detection algorithm using electrocardiogram leads}, 
	booktitle = {Computers in Cardiology},   
	year      = {2002}, 
	pages     = {205--208}, 
}

@ARTICLE{poli_et_al:1995, 
	author  = {R. Poli and S. Cagnoni and G. Valli}, 
	journal = TBE, 
	title   = {Genetic design of optimum linear and nonlinear {QRS} detectors}, 
	volume  = {42}, 
	number  = {11}, 
	pages   = {1137--1141},  
	year    = {1995}, 
}



@article{bahoura_et_al:1997,
	author    = "M. Bahoura and M. Hassani and M. Hubin", 
	title     = "{DSP} implementation of wavelet transform for real time {ECG} wave forms detection and heart rate analysis", 
	journal   = "Computer Methods and Programs in Biomedicine",    
	volume    = "52", 
	number    = "1",
	pages     = "35--44", 
	year      = "2007", 
}

@article{Addison:2005,
	author    = "Paul S Addison", 
	journal   = "Physiological Measurement",  
	title     = "Wavelet transforms and the {ECG}: a review", 
	volume    = "26", 
	number    = "5",
	pages     = "155--199 ", 
	year      = "2005", 
}

@ARTICLE{pasoli_melgani:2010, 
	author={Pasolli, E. and Melgani, F.}, 
	journal=TITB, 
	title={Active Learning Methods for Electrocardiographic Signal Classification}, 
	year={2010}, 
	volume={14}, 
	number={6}, 
	pages={1405--1416}, 
}

%C. Li, C. Zheng, and C. Tai, ?Detection of {ECG} characteristic points using wavelet transforms,? IEEE Trans. Biomed. Eng., vol. 42, pp. 21?28, Jan. 1995.

@article{Li_et_al:1995,
	author    = "C. Li and C. Zheng and C. Tai", 
	title     = "Detection of {ECG} characteristic points using wavelet transforms", 
	journal   = TBE,  
	volume    = "42", 
	number    = "1",
	pages     = "21--28", 
	year      = "1995",
}


@article{kohler_et_al:2002, 
	author={Kohler, B.-U. and Hennig, C. and Orglmeister, R.}, 
	journal={IEEE Engineering in Medicine and Biology Magazine}, 
	title={The principles of software {QRS} detection}, 
	year={2002}, 
	volume={21}, 
	number={1}, 
	pages={42--57}, 
}

@article{Backes2009,
	author  = {A. R. Backes and D. Casanova and O. M. Bruno},
	title   = {A complex network-based approach for boundary shape analysis}, 
	year    = {2009},
	journal = {Pattern Recognition},
	volume  = {42}, 
	number  = {1},
	pages   = {54-67}
}



@article{llamedo_martinez:2011,
	Author = {Mariano Llamedo and Juan Pablo Mart{\'\i}nez},
	Title = {Heartbeat Classification Using Feature Selection Driven by Database Generalization Criteria},
	Journal = TBE,
	Number = {3},
	Pages = {616--625},
	Volume = {58},
	Year = {2011}
}

@article{libsvm,
	Author  = {Chang, Chih-Chung and Lin, Chih-Jen},
	Title   = {{LibSVM}: A library for support vector machines},
	Journal = {ACM Transactions on Intelligent Systems and Technology},
	Volume  = {2},
	Number  = {3},
	Pages   = {27:1--27:27},
	Year    = {2011},
	note    = {software available at: \url{http://www.csie.ntu.edu.tw/~cjlin/libsvm}}
}


@article{silla_freitas:2011,
	author = {Carlos N. {Silla~Jr.} and Alex A. Freitas},
	title = {A survey of hierarchical classification across different application domains},
	journal = {Data Mining Knowledge Discovery},
	volume = {22},
	number = {1--2},
	pages = {22--31},
	year = {2011}
}

@article{PhysioNet,
	Author = {A. L. Goldberger and L. A. N. Amaral and L. Glass and J. M. Hausdorff and P. Ch. Ivanov and R. G. Mark and J. E. Mietus and G. B. Moody and C.-K. Peng and H. E. Stanley},
	Title = {PhysioBank, PhysioToolkit, and PhysioNet: Components of a New Research Resource for Complex Physiologic Signals},
	Journal = {Circulation},
	Number = {23},
	Pages = {215--220},
	Volume = {101},
	Year = {2000},
	note = {database and tools available at: \url{http://www.physionet.org/}}
}

@article{jiang_seong:2007,
	author    = "W. Jiang and G. S. Kong", 
	journal   = "{IEEE} Transactions on Neural Networks",  
	title     = "Block-Based Neural Networks for Personalized {ECG} Signal Classification", 
	volume    = "18", 
	number    = "6",
	pages     = "750--1761 ", 
	year      = "2007", 
}

@ARTICLE{mar_et_al:2011, 
	author={Mar, T. and Zaunseder, S. and Martínez, J. P. and Llamedo, M. and Poll, R.}, 
	journal=TBE, 
	title={Optimization of {ECG} Classification by Means of Feature Selection}, 
	year={2011}, 
	volume={58}, 
	number={8}, 
	pages={2168--2177}, 
}


@inproceedings{moody_mark:1982,
	author    = "G. B. Moody and R. G. Mark", 
	title     = "Development and evaluation of a 2-lead {ECG} analysis program", 
	booktitle = "Computers in Cardiology",   
	pages     = "39--44", 
	year      = "1982", 
}

@article{hu_et_al:1997,
	author    = "Y. H. Hu and S. Palreddy and W. J. Tompkins", 
	journal   = TBE,  
	title     = "A Patient-Adaptable {ECG} Beat Classifier Using a Mixture of Experts Approach", 
	volume    = "44", 
	number    = "9",
	pages     = "891--900", 
	year      = "1997", 
}

@article{moody_mark:2001,
	author    = "G. B. Moody and R. G. Mark", 
	title     = "The impact of the {MIT}-{BIH} Arrhythmia Database", 
	journal   = "{IEEE} Engineering in Medicine and Biology Magazine", 
	volume    = "20", 
	number    = "3", 
	pages     = "45--50",
	year      = "2001",  
}


@article{osowski_et_al:2004,
	author    = "S. Osowski and L. T. Hoai and T. Markiewicz", 
	title     = "Support vector machine-based expert system for reliable heartbeat recognition", 
	journal   = TBE, 
	volume    = "51", 
	number    = "4", 
	pages     = "582--589",
	year      = "2004",  
}

@inproceedings{osowski_hoai:2004,
	author    = "S. Osowski and L. T. Hoai", 
	title     = "Analysis of features for efficient {ECG} signal classification using neuro-fuzzy network", 
	booktitle = IJCNN, 
	volume    = "3",
	pages     = "2443--2448", 
	year      = "2004", 
}


@article{chazal_dwyer_reilly:2004,
	author    = "P. {de Chazal} and M. O'Dwyer and R. B. Reilly", 
	title     = "Automatic classification of heartbeats using {ECG} morphology and heartbeat interval features", 
	journal   = TBE, 
	volume    = "51", 
	number    = "7", 
	pages     = "1196--1206",
	year      = "2004",  
}

@article{ince_et_al:2009,
	author    = "T. Ince and S. Kiranyaz and M. Gabbouj", 
	title     = "A Generic and Robust System for Automated Patient-Specific Classification of {ECG} Signals", 
	journal   = TBE, 
	volume    = "56", 
	number    = "5", 
	pages     = "1415--1427",
	year      = "2009",  
}

@INPROCEEDINGS{dogan_korurek:2009, 
	author={Dogan, B. and Korurek, M.}, 
	booktitle={National Biomedical Engineering Meeting ({BIYOMUT})}, 
	title={Performance evaluation of Radial Basis Function Neural Network on {ECG} beat classification}, 
	year={2009}, 
	pages={1--4}, 
}

@article{lanata_et_al:2011,
	author = {Lanat\'{a}, A. and Valenza, G. and Mancuso, C. and Scilingo, E. P.},
	title = {Robust multiple cardiac arrhythmia detection through bispectrum analysis},
	journal = ESWA,
	volume  = {38},
	number = {6},
	year = {2011},
	pages = {6798--6804},
} 

@article{korurek_nizam:2008,
	author  = {M. Kor\"{u}rek and A. Nizam},
	title   = {A new arrhythmia clustering technique based on Ant Colony Optimization},
	journal = {Journal of Biomedical Informatics},
	volume  = {41},
	number  = {6},
	pages   = {874--881},
	year    = {2008}, 
}

@INPROCEEDINGS{Queiroz:15, 
	author={Queiroz, V. and Luz, E. and Moreira, G. and Guarda, A. and Menotti, D.}, 
	booktitle={Engineering in Medicine and Biology Society (EMBC), 2015 37th Annual International Conference of the IEEE}, 
	title={Automatic cardiac arrhythmia detection and classification using vectorcardiograms and complex networks}, 
	year={2015}, 
	pages={5203-5206}, 
}

@inproceedings{tavakoli_sahba_hajebi:2009,
	author    = "V. Tavakoli and N. Sahba and N. Hajebi", 
	title     = "A fast and accurate method for arrhythmia detection", 
	booktitle = EMBC, 
	pages     = "1897--1900", 
	year      = "2009",  
}

@article{thakor_zhu:1991,
	author    = "N. V. Thakor and Y.-S. Zhu", 
	title     = "Applications of adaptive filtering to {ECG} analysis: noise cancellation and arrhythmia detection", 
	journal   = TBE, 
	volume    = "38", 
	number    = "8", 
	pages     = "785--794",
	year      = "1991",  
}

@article{singh_tiwari:2006,
	author    = "B. N. Singh and A. K. Tiwari",
	title     = "Optimal selection of wavelet basis function applied to {ECG} signal denoising",
	journal   = JDSP,
	volume    = "16",
	number    = "3",
	pages     = "275--287",
	year      = "2006", 
}

@article{sameni:2007,
	author    = "R. Sameni and M. B. Shamsollahi and C. Jutten and G. D. Clifford", 
	journal   = TBE, 
	title     = "A Nonlinear {B}ayesian Filtering Framework for {ECG} Denoising", 
	volume    = "54", 
	number    = "12",
	pages     = "2172--2185", 
	year      = "2007", 
}

@article{sayadi_shamsollahi:2007,
	author    = "O. Sayadi and M. B. Shamsollahi",
	title     = "Multiadaptive Bionic Wavelet Transform: Application to {ECG} Denoising and Baseline Wandering Reduction",
	journal   = EJASP,
	volume    = "2007", 
	number    = "14",
	pages     = "1--11",
	year      = "2007", 
}

@article{sayadi_shamsollahi:2008,
	author    = "O. Sayadi and M. B. Shamsollahi", 
	title     = "{ECG} Denoising and Compression Using a Modified Extended {K}alman Filter Structure", 
	journal   = TBE,
	volume    = "55", 
	number    = "9",
	pages     = "2240--2248", 
	year      = "2008", 
}

@article{sayadi_shamsollahi:2009,
	author    = "O. Sayadi and M. B. Shamsollahi",
	title     = "A model-based Bayesian framework for {ECG} beat segmentation",
	journal   = "Physiological Measurement",
	volume    = "30", 
	number    = "3",
	pages     = "335--352", 
	year      = "2009", 
}

@ARTICLE{owis_et_al:2002, 
	author={Owis, M. I. and Abou-Zied, A. H. and Youssef, A. -B. M. and Kadah, Y. M.}, 
	journal=TBE, 
	title={Study of features based on nonlinear dynamical modeling in {ECG} arrhythmia detection and classification}, 
	year={2002}, 
	volume={49}, 
	number={7}, 
	pages={733--736}, 
}

@article{osowski_et_al:2008,
	author = "S. Osowski and T. Markiewicz and L. Tran Hoai",
	title = "Recognition and classification system of arrhythmia using ensemble of neural networks",
	journal = "Measurement",
	volume = "41",
	number = "6",
	pages = "610--617",
	year = "2008",
}

@INPROCEEDINGS{Jiang:06, 
	author={Xing Jiang and Liqing Zhang and Qibin Zhao and Albayrak, S.}, 
	booktitle={TENCON 2006. 2006 IEEE Region 10 Conference}, 
	title={ECG Arrhythmias Recognition System Based on Independent Component Analysis Feature Extraction}, 
	year={2006}, 
	pages={1-4}, 
}

@article{osowski_linh:2001,
	author    = "S. Osowski and T. H. Linh", 
	journal   = TBE,
	title     = "{ECG} beat recognition using fuzzy hybrid neural network", 
	volume    = "48", 
	number    = "11",
	pages     = "1265--1271", 
	year      = "2001", 
}

@article{pudil:1994,
	author    = "P. Pudil and J. Novovicova and J. Kittler",
	title     = "Floating search methods in feature selection",
	journal   = "Pattern Recognition Letters",
	volume    = "15",
	number    = "11",
	pages     = "1119--1125",
	year      = "1994",	
}


@article{mehmet:2004,
	author    = "E. Mehmet",
	title     = "{ECG} beat classification using neuro-fuzzy network",
	journal   = "Pattern Recognition Letters",
	volume    = "25",
	number    = "15",
	pages     = "1715--1722",
	year      = "2004",	
}

@article{cristov_bortolan:2004,
	author    = "I. Christov and G. Bortolan",
	title     = "Ranking of pattern recognition parameters for premature ventricular contractions classification by neural networks",
	journal   = "Phisyological Measurement",
	volume    = "25",
	number    = "5",
	year      = "2004",
	pages     = "1281--1290",
}

@article{guler_ubeyli:2005,
	author    = "I. G{\"u}ler and E. D. {\"U}beyli",
	title     = "{ECG} beat classifier designed by combined neural network model",
	journal   = "Pattern Recognition",
	volume    = "38",
	number    = "2",
	year      = "2005",
	pages     = "199--208",
}

@article{chazal_reilly:2006,
	author    = "P. {de Chazal} and R. B. Reilly", 
	journal   = TBE,
	title     = "A Patient-Adapting Heartbeat Classifier Using {ECG} Morphology and Heartbeat Interval Features", 
	year      = "2006", 
	volume    = "53", 
	number    = "12",
	pages     = "2535--2543", 	
}

@INPROCEEDINGS{tavacoli_et_al:2009, 
	author={Tavakoli, V. and Sahba, N. and Hajebi, N.}, 
	booktitle=EMBC, 
	title={A fast and accurate method for arrhythmia detection}, 
	year={2009}, 
	volume={}, 
	number={}, 
	pages={1897--1900}, 
}

@article{yeh_et_al:2012,
	author = {Yeh, Yun-Chi and Chiou, Che Wun and Lin, Hong-Jhih},
	title = {Analyzing {ECG} for cardiac arrhythmia using cluster analysis},
	journal = ESWA,
	volume = {39},
	number = {1},
	year = {2012},
	pages = {1000--1010},
} 

@article{ham_han:1996,
	author    = "F. M. Ham and S. Han", 
	title     = "Classification of cardiac arrhythmias using fuzzy {ARTMAP}", 
	journal   = TBE,
	volume    = "43", 
	number    = "4",
	pages     = "425--429", 
	year      = "1996", 
}

@article{lin_et_al:2008,
	author    = "C. Lin and Y. Du and T. Chen",
	title     = "Adaptive wavelet network for multiple cardiac arrhythmias recognition",
	journal   = ESWA,
	volume    = "34",
	number    = "4",
	pages     = "2601--2611",
	year      = "2008",
}

@article{kim_et_al:2010,
	author    = "H. Kim and R. F. Yazicioglu and P. Merken and C. van-Hoof and H.-J. Yoo", 
	journal   = TITB, 
	title     = "{ECG} Signal Compression and Classification Algorithm With Quad Level Vector for {ECG} Holter System", 
	year      = "2010", 
	volume    = "14",
	number    = "1", 
	pages     = "93--100", 
}

@article{kim_et_al:2009,
	author    = "J. Kim and H. S. Shin and J. Shin and M. Lee",
	title     = "Robust algorithm for arrhythmia classification in {ECG} using extreme learning machine",
	journal   = "BioMedical Engineering OnLine",
	volume    = "8", 
	number    = "1",
	pages     = "1--12",
	year      = "2009", 
}

@article{ceylan_et_al:2009,
	author    = "R. Ceylan and Y. Özbay and B. Karlik",
	title     = "A novel approach for classification of {ECG} arrhythmias: Type-2 fuzzy clustering neural network",
	journal   = ESWA,
	volume    = "36",
	number    = "3",
	pages     = "6721--6726",
	year      = "2009",
}

@article{song_et_al:2005,
	author    = "M. H. Song and J. Lee and S. P. Cho and K. J. Lee and S. K. Yoo",
	title     = "Support Vector Machine Based Arrhythmia Classification Using Reduced Features",
	journal   = "International Journal of Control, Automation, and Systems",
	year      = "2005",
	volume    = "3", 
	number    = "4",	 
	pages     = "509--654", 
}

@article{yu_chen:2007,
	author    = "Sung-Nien Yu and Ying-Hsiang Chen",
	title     = "Electrocardiogram beat classification based on wavelet transformation and probabilistic neural network",
	journal   = "Pattern Recognition Letters",
	volume    = "28",
	number    = "10", 
	pages     = "1142--1150",
	year      = "2007",
}

@article{yu_chou:2008,
	author    = "Sung-Nien Yu and Kuan-To Chou",
	title     = "Integration of independent component analysis and neural networks for {ECG} beat classification",
	journal   = ESWA,
	volume    = "34",
	number    = "4",
	pages     = "2841--2846",
	year      = "2008", 
}


@article{yu_chou:2009,
	author = "Sung-Nien Yu and Kuan-To Chou",
	title = "Selection of significant independent components for {ECG} beat classification",
	journal = ESWA,
	volume = "36",
	number = "2",
	pages = "2088--2096",
	year = "2009",
}


@article{minami_et_al:1999,
	author    = "K. Minami and H. Nakajima and T. Toyoshima",
	title     = "Real-time discrimination of ventricular tachyarrhythmia with Fourier-transform neural network",
	journal   = TBE,
	volume    = "46",
	number    = "2", 
	pages     = "179--185",
	year      = "1999", 
}

@article{ozbay_et_al:2011,
	author  = {Y{\"u}ksel {\"O}zbay and Rahime Ceylan and Bekir Karlik},
	title   = {Integration of type-2 fuzzy clustering and wavelet transform in a neural network based {ECG} classifier},
	journal = ESWA,
	pages = {1004--1010},
	volume  = {38},
	number  = {1},
	year = {2011}
} 

@article{ozbay_et_al:2006,
	author = {Y{\"u}ksel {\"O}zbay and Rahime Ceylan and Bekir Karlik},
	title = "A fuzzy clustering neural network architecture for classification of {ECG} arrhythmias",
	journal = "Computers in Biology and Medicine",
	volume = "36",
	number = "4",
	pages = "376--388",
	year = "2006",
}

@article{ceylan_ozbay:2007,
	author    = "R. Ceylan and Y. {\"O}zbay",
	title     = "Comparison of {FCM}, {PCA} and {WT} techniques for classification {ECG} arrhythmias using artificial neural network",
	journal   = ESWA,
	volume    = "33",
	number    = "2", 
	pages     = "286--295",
	year      = "2007", 
}


@article{fredric_soowhan:2002,
	author    = "M. H. Fredric  and H. Soowhan",
	title     = "Classification of  Cardiac Arrhythmias Using Fuzzy {ARTMAP}",
	journal   = TBE,
	volume    = "43",
	number    = "4",
	pages     = "425--429",
	year      = "2002",
}

@article{lynn:1979,
	author    = "P. Lynn",
	title     = "Recursive digital filters for biological signals",
	journal   = "Medical and Biological Engineering and Computing",
	volume    = "9",
	number    = "1",
	pages     = "37--43",
	year      = "1979",
}

@article{yerman_et_al:1983,
	author    = "M. Yelderman and B. Widrow and J. M. Cioffi and E. Hesler and J. A. Leddy", 
	title     = "{ECG} Enhancement by Adaptive Cancellation of Electrosurgical Interference", 
	journal   = TBE, 
	volume    = "30", 
	number    = "7", 
	pages     = "392--398", 
	year      = "1983", 
}

@article{ferrara_et_al:1982 ,
	author    = "E. R. Ferrara and B. Widraw", 
	title     = "Fetal Electrocardiogram Enhancement by Time-Sequenced Adaptive Filtering", 
	journal   = TBE,  
	volume    = "29", 
	number    = "6",
	pages     = "458--460", 
	year      = "1982", 
}

@article{laguna_et_al:1994,
	author  = "Pablo Laguna and Raimon Jan\'{e} and Pere Caminal",
	title   = "Automatic Detection of Wave Boundaries in Multilead {ECG} Signals: Validation with the {CSE} Database",
	journal = "Computers and Biomedical Research",
	volume  = "27",
	number  = "1",
	pages   = "45--60",
	year    = "1994",
}

@article{castells_et_al:2007,
	author    = {F. Castells and P. Laguna and L. S\"ornmo and A. Bollmann and J. M. Roig},
	title     = "Principal component analysis in {ECG} signal processing",
	journal   = EJAPSP,
	volume    = "2007",
	number    = "1",
	pages     = "98--98",
	year      = "2007", 
}

@article{barros_et_al:1998 ,
	author    = "A. K. Barros and A. Mansour and N. Ohnishi",
	title     = "Removing artifacts from electrocardiographic signals using independent components analysis",
	journal   = "Neurocomputing",
	volume    = "22",
	number    = "1--3",
	pages     = "173--186",
	year      = "1998",
}

@article{he_et_al:2006 ,
	author    = "T. He and G. Clifford and L. Tarassenko",
	title     = "Application of independent component analysis in removing artefacts from the electrocardiogram",
	journal   = "Neural Computing and Applications",
	volume    = "15",
	number    = "2",   
	pages     = "105--116",
	year      = "2006",
} 

@article{chawla:2008,
	author    = "M. Chawla",
	title     = "A comparative analysis of principal component and independent component techniques for electrocardiograms",
	journal   = "Neural Computing and Applications",
	volume    = "18",
	number    = "6",
	pages     = "539--556",
	year      = "2009"
}

@article{xue_et_al:1992 ,
	author    = "Q. Xue and Y. H. Hu and W. J. Tompkins", 
	title     = "Neural-network-based adaptive matched filtering for {QRS} detection", 
	journal   = TBE,  
	volume    = "39", 
	number    = "4",
	pages     = "317--329", 
	year      = "1992", 
} 


@article{pan_tompkins:1985,
	author    = "J. Pan and W. J. Tompkins", 
	journal   = TBE,  
	title     = "A Real-Time {QRS} Detection Algorithm", 
	volume    = "32", 
	number    = "3",
	pages     = "230--236", 
	year      = "1985", 
}

@article{hu_et_al:1990,
	author    = "Y. H. Hu and W. J. Tompkins and J. L. Urrusti and V. X. Afonso",
	title     = "Application of Artificial Neural Networks for {ECG} signal Detection and Classification",
	journal   = "Journal of Eletrocardiology",
	volume    = "26",
	number    = "supplement",
	pages     = "66--73",
	year      = "1990",
}



@article{kadambe_et_al:1999,
	author    = "S. Kadambe and R. Murray and G. F. Boudreaux-Bartels", 
	title     = "Wavelet transform-based {QRS} complex detector", 
	journal   = TBE,  
	volume    = "46", 
	number    = "7",
	pages     = "838--848", 
	year      = "1999", 
}

@article{christov_bortolan:2004,
	author    = "I. Christov and G. Bortolan",
	title     = "Ranking of pattern recognition parameters for premature ventricular contractions classification by neural networks",
	journal   = "Physiological Measurement",
	volume    = "25",
	number    = "5",
	pages     = "1281--1290",
	year      = "2004",
}

@article{ubeyli:2009,
	author = {\"{U}beyli, Elif Derya},
	title = {Combining recurrent neural networks with eigenvector methods for classification of {ECG} beats},
	journal = JDSP,
	volume = {19},
	number  = {2},
	year = {2009},
	pages = {320--329},
} 

@article{ubeyli:2007,
	author = {\"{U}beyli, Elif Derya},
	title = {{ECG} beats classification using multiclass support vector machines with error correcting output codes},
	journal = JDSP,
	volume = {17},
	number = {3},
	year = {2007},
	pages = {675--684},
} 

@article{exarchos_et_al:2007,
	author    = "T. P. Exarchos and M. G. Tsipouras and C. P. Exarchos and C. Papaloukas and D. I. Fotiadis and L. K. Michalis",
	title     = "A methodology for the automated creation of fuzzy expert systems for ischaemic and arrhythmic beat classification based on a set of rules obtained by a decision tree",
	journal   = "Artificial Intelligence in Medicine",
	volume    = "40",
	number    = "3",   
	pages     = "187--200",
	year      = "2007",
}

@article{mcculloch_pitts:1943,
	author    = "Warren S. McCulloch and Walter Pitts",
	title     = "A logical calculus of the ideas immanent in nervous activity",
	journal   = "Bulletin of Mathematical Biology",
	volume    = "5", 
	number    = "4",
	pages     = "115--133",
	year      = "1943", 
}

@article{tsipouras_et_al:2007,
	author    = "M. G. Tsipouras and C. Voglis and D. I. Fotiadis", 
	title     = "A Framework for Fuzzy Expert System Creation-Application to Cardiovascular Diseases", 
	journal   = TBE,
	volume    = "54",
	number    = "11",
	pages     = "2089--2105",
	year      = "2007", 
}

@article{ozbay:2008,
	author    = "Y. {\"O}zbay",
	title     = "A New Approach to Detection of {ECG} Arrhythmias: Complex Discrete Wavelet Transform Based Complex Valued Artificial Neural Network",
	journal   = "Journal of Medical Systems",
	volume    = "33",
	number    = "6",
	pages     = "435--445",
	year      = "2009"
}

@article{lim:2009,
	author    = "J. S. Lim", 
	title     = "Finding Features for Real-Time Premature Ventricular Contraction Detection Using a Fuzzy Neural Network System", 
	journal   = "{IEEE} Transactions on Neural Networks", 
	volume    = "20", 
	number    = "3",
	pages     = "522--527", 
	year      = "2009",  
}

@article{haseena_et_al:2011,
	author    = "H. Haseena and A. Mathew and J. Paul",
	title     = "Fuzzy Clustered Probabilistic and Multi Layered Feed Forward Neural Networks for Electrocardiogram Arrhythmia Classification",
	journal   = "Journal of Medical Systems",
	volume    = "35",
	number    = "2",
	pages     = "179--188",
	year      = "2011",
}

@article{parlitz_et_al:2012,
	author  = "U. Parlitz and S. Berg and S. Luther and A. Schirdewan and J. Kurths and N. Wessel",
	title   = "Classifying cardiac biosignals using ordinal pattern statistics and symbolic dynamics",
	journal = "Computers in Biology and Medicine",
	volume  = "42",
	number  = "3",
	pages   = "319--327",
	year =   "2012",
}

@article{polat_gunez:2007,
	author = {Kemal Polat and Salih G\"{u}ne\c{s}},
	title = "Detection of {ECG} Arrhythmia using a differential expert system approach based on principal component analysis and least square support vector machine",
	journal = "Applied Mathematics and Computation",
	volume = "186",
	number = "1",
	pages = "898--906",
	year = "2007",
}

@article{polat_et_al:2008,
	author = {Polat, Kemal and Akdemir, Bayram and G\"{u}ne\c{s}, Salih},
	title = {Computer aided diagnosis of {ECG} data on the least square support vector machine},
	journal = JDSP,
	volume = {18},
	number = {1},
	year = {2008},
	pages = {25--32},
}

@article{khorrami_moavenian:2010,
	author = {Hamid Khorrami and Majid Moavenian},
	title = {A comparative study of {DWT}, {CWT} and {DCT} transformations in {ECG} arrhythmias classification},
	journal = ESWA,
	volume = {37},
	number = {8},
	year = {2010},
	pages = {5751--5757},
} 

@article{moavenian_khorrami:2009,
	author    = "M. Moavenian and H. Khorrami",
	title     = "A qualitative comparison of Artificial Neural Networks and Support Vector Machines in {ECG} arrhythmias classification",
	journal   = ESWA,
	volume    = "37",
	number    = "4", 
	pages     = "3088--3093",
	year      = "2010",
}

@misc{mit:db,
	author       = "{Massachusetts~Institute~of~Technology}",
	title        = "{MIT}-{BIH} {ECG} database",
	howpublished = "available at: \url{http://ecg.mit.edu/}",
	year         = "2011",
}

@misc{aha:db,
	Author       = {{American~Heart~Association}},
	Title        = {{AHA} Database},
	howpublished = {available at: \url{http://www.ahadata.com/}},
	year         = {1998}
}


@misc{esc:db,
	year      = "2011",
	author       = "National Research Council ({CNR})",
	title        = "European ST-T Database. Institute of Clinical Physiology,Dept. of Bioengieering and Medical Informatics",
	howpublished = "available at: \url{http://www.ifc.pi.cnr.it/}",
}

@inproceedings{zhou_li:2004    ,
	author    = "J. Zhou and L. Li",
	title     = "Regularized B-spline network and its application to heart arrhythmia classification",
	booktitle = "ACM Symposium on Applied computing ({SAC})",
	pages     = "291--295",
	year      = "2004", 
}



@inproceedings{moody_e_mark:1989,
	author    = "G. B. Moody and R. G. Mark", 
	title     = "{QRS} morphology representation and noise estimation using the Karhunen-Loeve transform", 
	journal   = "Computers in Cardiology", 
	pages     = "269--272", 
	year      = "1989",
}


@inproceedings{zhang_et_al:2004    ,
	author    = "Z. G. Zhang and H. Z. Jiang and D. F. Ge and X. J. Xiang", 
	title     = "Pattern recognition of cardiac arrhythmias using scalar autoregressive modeling", 
	booktitle = "World Congress on Intelligent Control and Automation ({WCICA})", 
	volume    = "6", 
	pages     = "5545--5548", 
	year      = "2004",  
}

@inproceedings{Jung_Tompkins:2003,
	author    = "Y. Jung and W. J. Tompkins", 
	title     = "Detecting and classifying life-threatening {ECG} ventricular arrythmias using wavelet decomposition", 
	booktitle = EMBC,  
	volume    = "3", 
	pages     = "2390--2393", 
	year      = "2003", 
}

@inproceedings{prasad_sahambi:2003,
	author    = "G. K. Prasad and J. S. Sahambi", 
	title     = "Classification of {ECG} arrhythmias using multi-resolution analysis and neural networks", 
	booktitle = "Conference on Convergent Technologies for Asia-Pacific Region ({TENCON})", 
	year      = "2003", 
	pages     = "227--231", 
}

@book{Kuncheva:2004:CPC:975251,
	author = {Kuncheva, Ludmila I.},
	title = {Combining Pattern Classifiers: Methods and Algorithms},
	year = {2004},
	publisher = {Wiley-Interscience},
} 

@inbook{Rumelhart:1995:BBT:201784.201785,
	author = {Rumelhart, David E. and Durbin, Richard and Golden, Richard and Chauvin, Yves},
	title = {Backpropagation: the basic theory},
	book = {Backpropagation},
	year = {1995},
	pages = {1--34},
}


%% PROCEEDING
@inproceedings{zhou_li:2004,
	Author    = {J. Zhou and L. Li},
	Title     = {Regularized B-spline network and its application to heart arrhythmia classification},
	Booktitle = {{ACM} Symposium on Applied computing ({SAC})},
	Pages     = {291--295},
	Year      = {2004}}

@inproceedings{wang_et_al:2010,
	Author    = {Yu-Jing Wang and Li-Xin Song and Shou-Qiang Kang},
	Title     = {Arrhythmia Recognition Based on EMD and Support Vector Machines},
	Booktitle = {{IEEE} International Conference on Bioinformatics and Biomedical Engineering ({iCBBE})},
	Pages     = {1--4},
	Year      = {2010}
}

@inproceedings{joshi_et_al:2009,
	Author    = {Aniruddha J. Joshi and Sharat Chandran and V. K. Jayaraman and B. D. Kulkarni},
	Title     = {Hybrid {SVM} for Multiclass Arrhythmia Classification},
	Booktitle = {{IEEE} International Conference on Bioinformatics and Biomedicine ({BIBM})},
	Pages     = {287--290},
	Year      = {2009}}

@inproceedings{chua_et_al:2009,
	Author    = {K. C. Chua and V. Chandran and U. R. Acharya and C. M. Lim},
	Title     = {Higher Order Spectra based Support Vector Machine for Arrhythmia Classification},
	Booktitle = {International Conference on Biomedical Engineering ({ICBME})},	
	Pages     = {231--234},
	Year      = {2009}}

@inproceedings{zellmer_et_al:2009,
	Author    = {Erik Zellmer and Fei Shang and Hao Zhang},
	Title     = {Highly Accurate {ECG} Beat Classification based on Continuous Wavelet Transformation and Multiple Support Vector Machine Classifiers},
	Booktitle = {{IEEE} International Conference on Biomedical Engineering and Informatics ({BMEI})},
	Volume    = {2},
	pages     = {1--5},
	Year      = {2009}}

@inproceedings{medeiros_et_al:2011,
	Author    = {T. F. L. de Medeiros and Cavalvanti, A. B. and E. V. C. {de Lima Borges} and I. L. P. Andrezza and B. E. S. Cavalcante and L. V. Batista},
	Title     = {Heart Arrhythmia Classification Using the PPM Algorithm},
	Booktitle = {{IEEE} International Conference on Biosignals and Biorobotics ({BRC})},
	Pages     = {1--5},
	Year      = {2011}}

@inproceedings{nasiri_et_al:2009,
	Author    = {Jalal A. Nasiri and Mahmoud Naghibzadeh and H. Sadoghi Yazdi and Bahram Naghibzadeh},
	Title     = {{ECG} Arrhythmia Classification with Support Vector Machines and Genetic Algorithm},
	Booktitle = {{IEEE} European Symposium on Computer Modeling and Simulation ({EMS})},
	Pages     = {187--192},
	Year      = {2009}}

@inproceedings{nasiri_et_al_2:2009,
	Author    = {Jalal A. Nasiri and Mostafa Sabzekar and H. Sadoghi Yazdi and Mahmoud Naghibzadeh and Bahram Naghibzadeh},
	Title     = {Intelligent Arrhythmia Detection using Genetic Algorithm and Emphatic {SVM} ({ESVM})},
	Booktitle = {{IEEE} European Symposium on Computer Modeling and Simulation ({EMS})},
	Pages     = {112--117},
	Year      = {2009}
}


@inproceedings{elsayad:2009,
	Author    = {A. M. Elsayad},
	Title     = {Classification of {ECG} arrhythmia using learning vector quantization neural networks},
	Booktitle = {{IEEE} International Conference on Computer Engineering and Systems ({ICCES})},
	Pages     = {139--144},
	Year      = {2009}}


@inproceedings{huang_et_al:2010,
	Author    = {Huifang Huang and Guangshu Hu and Li Zhu},
	Title     = {Ensemble of Support Vector Machines for Heartbeat Classification},
	Booktitle = {{IEEE} International Conference on Signal Processing ({ICSP})},
	Pages     = {1327--1330},
	Year      = {2010}}


@INPROCEEDINGS{hung_et_al:2005, 
	author={Chia-Hung Lin and Pei-Jarn Chen and Yung-Fu Chen and You-Yun Lee and Tainsong Chen}, 
	title={Multiple Cardiac Arrhythmia Recognition Using Adaptive Wavelet Network}, 
	booktitle=EMBC, 
	year={2005}, 
	pages={5655--5659}, 
}

@inproceedings{lin_et_al:2005,
	Author    = {Chia-Hung Lin and Pei-Jarn Chen and Yung-Fu Chen and You-Yun Lee and Tainsong Chen},
	Title     = {Multiple Cardiac Arrhythmia Recognition Using Adaptive Wavelet Network},
	Booktitle = EMBC,
	Pages     = {5655--5659},
	Year      = {2005}}

@inproceedings{lee_et_al:2005,
	Author    = {J. Lee and K. L. Park and M. H. Song and K. J. Lee},
	Title     = {Arrhythmia Classification with Reduced Features by Linear Discriminant Analysis},
	Booktitle = EMBC,
	Pages     = {1142--1144},
	Year      = {2005}}

@inproceedings{karimifard_et_al:2006,
	Author    = {S. Karimifard and A. Ahmadian and M. Khoshnevisan and M. S. Nambakhsh},
	Title     = {Morphological Heart Arrhythmia Detection Using Hermitian Basis Functions and {kNN} Classifier},
	Booktitle = EMBC,
	Pages     = {1367--1370},
	Year      = {2006}}

@inproceedings{tavakoli_sahba_hajebi:2009,
	Author    = {V. Tavakoli and N. Sahba and N. Hajebi},
	Title     = {A fast and accurate method for arrhythmia detection},
	Booktitle = EMBC,
	Pages     = {1897--1900},
	Year      = {2009}}

@inproceedings{ye_coimbra_kumar:2010,
	author    = "C. Ye and M. T. Coimbra and B. V. K. V. Kumar", 
	title     = "Arrhythmia Detection and Classification using Morphological and Dynamic Features of {ECG} Signals ", 
	booktitle = EMBC, 
	pages     = "1918--1921", 
	year      = "2010",  
}

@inproceedings{gomes_et_al:2010,
	Author    = {Pedro R. Gomes and Filomena O. Soares and J. H. Correia and C. S. Lima},
	Title     = {{ECG} Data-Acquisition and Classification System by Using Wavelet-Domain Hidden Markov Models},
	Booktitle = EMBC,
	Pages     = {4670--4673},
	Year      = {2010}}

@inproceedings{luz_menotti:2011,
	Author    = {Eduardo Luz and David Menotti},
	Title     = {How the Choice of Samples for Building Arrhythmia Classifiers Impact Their Performances},
	Booktitle = EMBC,
	Pages     = {4988--4991},
	Year      = {2011},
}


@inproceedings{luz_menotti:2011b,
	author    = {Eduardo Luz and David Menotti},
	title     = {An X-Ray on Methods Aiming at Arrhythmia Classification in {ECG} Signals},
	booktitle = {Internacional Conference on Bioinformatics and Computational Biology (BIOCOMP) / World Congress in Computer Science (WORLDCOMP)},
	pages     = {1--6},
	year      = {2011}
}

@inproceedings{neto_et_al:2010,
	Author    = {Alfredo Beckert Neto and Julio Cesar Nievola and Marcus Vinicius M. Figueredo and S{\'e}rgio R. {Rogal~Jr.}},
	Title     = {Automatic Detection of Cardiac Arrhythmias Using Wavelets, Neural Networks and Particle Swarm Optimization},
	Booktitle = {{IEEE} International Conference on Industrial Technology (ICIT)},
	Pages     = {194--198},
	Year      = {2010}}

@inproceedings{zhang_et_al:2004,
	Author    = {Z. G. Zhang and H. Z. Jiang and D. F. Ge and X. J. Xiang},
	Title     = {Pattern recognition of cardiac arrhythmias using scalar autoregressive modeling},
	Booktitle = {{IEEE} World Congress on Intelligent Control and Automation (WCICA)},
	Volume    = {6},
	Pages     = {5545--5548},
	Year      = {2004}}

@inproceedings{he_et_al_2:2006,
	Author    = {Lin He and Wensheng Hou and Xiaolin Zhen and Chenglin Peng},
	Title     = {Recognition of {ECG} Patterns Using Artificial Neural Network},
	Booktitle = {{IEEE} International Conference on Intelligent Systems Design and Applications (ISDA)},
	Volume    = {2},
	Pages     = {477--481},
	Year      = {2006}}

@inproceedings{ozcan_gurgen:2010,
	Author    = {N.{\"O}zlem {\"O}zcan and Fikret Gurgen},
	Title     = {Fuzzy Support Vector Machines for {ECG} Arrhythmia Detection},
	Booktitle = {{IEEE} International Conference on Pattern Recognition ({ICPR})},
	Pages     = {2973--2976},
	Year      = {2010}}


@inproceedings{gao_et_al:2005,
	Author    = {Dayong Gao and  M. Madden and D. Chambers and G. Lyons},
	Title     = {Bayesian {ANN} classifier for {ECG} arrhythmia diagnostic system: a comparison study},
	Booktitle = IJCNN,
	Volume    = {4},
	Pages     = {2383--2388},
	Year      = {2005}}

@INPROCEEDINGS{soria_martinez:2009, 
	author={Soria, M. L. and Martinez, J. P.}, 
	title={Analysis of multidomain features for {ECG} classification}, 
	booktitle={Computers in Cardiology}, 
	pages={561--564}, 
	year={2009}, 
}

@inproceedings{raghav_mishra:2008,
	Author    = {Shantanu Raghav and Amit K. Mishra},
	Title     = {Fractal Feature Based {ECG} Arrhythmia Classification},
	Booktitle = {{IEEE} Region 10 Conference ({TENCON})},
	Pages     = {1--5},
	Year      = {2008}}

@article{asl_et_al:2008,
	author = "Babak Mohammadzadeh Asl and Seyed Kamaledin Setarehdan and Maryam Mohebbi",
	title = "Support vector machine-based arrhythmia classification using reduced features of heart rate variability signal",
	journal = "Artificial Intelligence in Medicine",
	volume = "44",
	number = "1",
	pages = "51--64",
	year = "2008",
	
}

@inproceedings{moazzen_et_al:2009,
	Author    = {Iman Moazzen and Mohammad Reza Ahmadzadeh and Ali Mohammad Doost-Hoseini and Mohammad Javad Omidi},
	Title     = {An intelligent classifier for cardiac arrhythmias recognition},
	Booktitle = {{IEEE} International Conference on Wireless Communications \& Signal Processing (WCSP)},
	Pages     = {1--5},
	Year      = {2009}}

@INPROCEEDINGS{tsipouras_et_al:2005, 
	author={Exarchos, T. P. and Tsipouras, M. G. and Nanou, D. and Bazios, C. and Antoniou, Y. and Fotiadis, D. I.}, 
	booktitle={Computers in Cardiology}, 
	title={A platform for wide scale integration and visual representation of medical intelligence in cardiology: the decision support framework}, 
	year={2005}, 
	volume={}, 
	number={}, 
	pages={167--170}, 
}

@INPROCEEDINGS{sahambi_et_al:1997, 
	author={Sahambi, J. S. and Tandon, S. N. and Bhatt, R. K. P.}, 
	booktitle={Southern Biomedical Engineering Conference}, 
	title={{DSP} based {ST}-segment analysis: the wavelet approach}, 
	year={1997}, 
	pages={455--457}, 
}

@INPROCEEDINGS{lee_et_al:1997, 
	author={Jeongwhan Lee and Keesam Jeong and Jiyoung Yoon and Myoungho Lee}, 
	title={A simple real-time {QRS} detection algorithm}, 
	booktitle=EMBC,   
	volume={4}, 
	pages={1396--1398}, 
	year={1996},   
}

@INPROCEEDINGS{tsipouras_et_al:2002, 
	author={Tsipouras, M. G. and Fotiadis, D. I. and Sideris, D.}, 
	booktitle={Computers in Cardiology}, 
	title={Arrhythmia classification using the {RR}-interval duration signal}, 
	year={2002}, 
	volume={}, 
	number={}, 
	pages={ 485--488}, 
}

@INPROCEEDINGS{bortolan_et_al:2007, 
	author={Bortolan, G. and Christov, I. I. and Pedrycz, W.}, 
	booktitle={Computers in Cardiology}, 
	title={Hyperbox classifiers for {ECG} beat analysis}, 
	year={2007}, 
	volume={}, 
	number={}, 
	pages={145--148}, 
}

@inproceedings{chazal_celler:1996,
	author = "Branko Celler and Philip {de Chazal}",
	title = "Selection of parameters from power spectral density, wavelet transforms and other methods for the automated interpretation of  the {ECG}",
	Booktitle = ICDSP,
	Pages     = {71--74},
	Year      = {1997}}
%% OUTROS


@misc{esc:db,
	Author = {{National Research Council (CNR)}},
	Title = {European {ST}-{T} Database},
	note  = {Institute of Clinical Physiology, Department of Bioengineering and Medical Informatics},
	Howpublished = {available at: \url{http://www.ifc.pi.cnr.it/}},
}

@article{CSE:db,
	Author = {J. H. {van~Bemmel} and J. L. Williams},
	Title = {Standardisation and validation of medical decision support systems: The {CSE} project},
	journal = {Methods of Information in Medicine},
	volume  = {29},
	number  = {4},
	pages = {261--262},
	Year = {1990},
}

@Article{backes:2009,
	author  = {A. R. Backes and D. Casanova and O. M. Bruno},
	title   = {A complex network-based approach for boundary shape analysis}, 
	year    = {2009},
	journal = {Pattern Recognition},
	volume  = {42}, 
	number  = {1},
	pages   = {54--67}
}

@Article{watts:1998,
	author       = {D. J. Watts and S. H. Strogatz},
	title        = {Collective dynamics of 'small-world' networks}, 
	year  = {1998},
	journal = {Nature},
	volume = {393}, 
	number = {6684},
	pages = {440--442}
}

@Article{canny:86,
	author  = {J. Canny},
	title   = {A Computational Approach To Edge Detection}, 
	year    = {1986},
	journal = {IEEE Transactions on Pattern Analysis and Machine Intelligence},
	volume  = {8}, 
	number  = {6},
	pages  = {679--714}
}

@Book{gonzalez:07,
	author	= {R. C. Gonzalez and R. E. Woods},
	title = {Digital Image Processing},
	publisher = {Prentice Hall},
	year = {2007},
	edition = {3},
	pages = {954}
}

@Book{duda:2000,
	author	= {R. O. Duda and P. E. Hart and D. G. Stork},
	title = {Pattern Classification},
	publisher = {Wiley-Interscience},
	year = {2000},
	edition = {2},
}

@ARTICLE{seok_et_al:2004, 
	author={Il-Seok Oh and Jin-Seon Lee and Byung-Ro Moon}, 
	journal={IEEE Transactions on Pattern Analysis and Machine Intelligence}, 
	title={Hybrid genetic algorithms for feature selection}, 
	year={2004}, 
	volume={26}, 
	number={11}, 
	pages={1424--1437}, 
}

@article{lin_ying_chen_lee_al:2008,
	author = "Shih-Wei Lin and Kuo-Ching Ying and Shih-Chieh Chen and Zne-Jung Lee",
	title = "Particle swarm optimization for parameter determination and feature selection of support vector machines",
	journal = "Expert Systems with Applications",
	volume = "35",
	number = "4",
	pages = "1817--1824",
	year = "2008",
}

@article{nitesh_et_al:2002,
	journal = "Journal Of Artificial Intelligence Research",
	volume = "16",
	number = "1",
	pages = "321--357",
	year = "2002",
	
	title = {SMOTE: Synthetic Minority Over-sampling Technique},
	author = {Nitesh V. Chawla and Kevin W. Bowyer and W. Philip Kegelmeyer},
}

@article{wang_et_al:2007,
	author = "Xiangyang Wang and Jie Yang and Xiaolong Teng and Weijun Xia and Richard Jensen",
	title = "Feature selection based on rough sets and particle swarm optimization",
	journal = "Pattern Recognition Letters",
	volume = "28",
	number = "4",
	pages = "459--471",
	year = "2007",
}

@ARTICLE{yang_et_al:1998, 
	author  = {Yang, J. and Honavar, V.}, 
	journal = {IEEE Intelligent Systems and their Applications}, 
	title   = {Feature subset selection using a genetic algorithm},
	year    = {1998}, 
	volume  = {13}, 
	number  = {2}, 
	pages   = {44--49}, 
}

@inproceedings{park_et_al:2008, 
	author={Park, K. S. and Cho, B. H. and Lee, D. H. and Song, S. H. and Lee, J. S. and Chee, Y. J. and Kim, I. Y. and Kim, S. I.}, 
	booktitle={Computers in Cardiology}, 
	title={Hierarchical support vector machine based heartbeat classification using higher order statistics and hermite basis function}, 
	year={2008}, 
	pages={229--232}, 
}

@book{theodoridis:2009,
	author    = {S. Theodoridis and K. Koutroumbas},
	title     = {Pattern Recognition},
	publisher = {Elsevier},
	year      = {2009},
	edition   = {4},
}


@Article{picanco:99,
	author	= {M. C. Picanço and R. N. C. Guedes},
	title = {Manejo integrado de pragas no Brasil: situação atual, problemas e perspectivas},
	journal = {Ação Ambiental},
	year = {1999},
	volume = {2}, 
	number = {4},
	pages = {23--26} 
}

@Article{camargo:09,
	author	= {A. Camargo and J. S. Smith},
	title = {Image pattern classification for the identification of disease causing agents in plants},
	journal = {Computers and Electronics in Agriculture},
	year = {2009},
	volume = {66}, 
	number = {2}, 
	pages = {121--125} 
}

@Article{antiqueira:07,
	author = {L. Antiqueira and M. G. V. Nunes and O. N. Oliveira and L. F. Costa},
	title = {Strong correlations between text quality and complex networks features},
	journal = {Physica A},
	volume = {373},
	number = {1},
	pages = {811--820},
	year = {2007},
}


@Article{camargo:09b,
	author	= {A. Camargo  and J. S. Smith},
	title = {An image-processing based algorithm to automatically identify plant disease visual symptoms},
	journal = {Biosystems Engineering},
	year = {2009},
	volume = {102},  
	number = {1},
	pages = {9--21} 
}

@comment M. F. Moura \emph{et al.}
@Article{moura:03,
	author  = {M. F. de-Moura and M. C. Picanço and E. M. da-Silva and R. N. C. Guedes and J. L. Pereira},
	title   = {Sampling plan for {B}-biotype of {Bemisia tabaci} in cucumber crop}, 
	year    = {2003},
	journal = {Pesquisa Agropecuária Brasileira},
	volume  = {38},
	number  = {12},
	pages   = {1357--1363},
}

@Article{styrsky:05, 
	author   = {J. D. Styrsky and I. Kaplan and M. D. Eubanks}, 
	title    = {Plant trichomes indirectly enhance tritrophic interactions involving a generalist predator, the red imported fire ant},  
	year     = {2005}, 
	journal  = {Biological Control}, 
	volume   = {35},  
	number   = {3}, 
	pages    = {375--384} 
}


@Book{scholkopf:2002,
	author    = "B. Scholkopf and A. J. Smola", 
	title     = "Learning with Kernels: Support Vector Machines, Regularization, Optimization, and Beyond", 
	publisher = "The MIT Press",
	edition   = "",   
	year      = "2002"
}

@inproceedings{souza:2011,
	author    = {T. L. G. Souza and E. S. Mapa and K. dos Santos and D. Menotti},
	title     = {Application of complex networks for automatic classification of damaging agents in soybean leaflets},
	booktitle = {{IEEE} International Conference of Image Processing (ICIP)},
	year      = {2011},
	pages     = {1089--1092}
} 

@article{miao:00,
	author  = {M. Zhenjiang},
	title   =	{Zernike moment-based image shape analysis and its application},
	journal =	{Pattern Recognition Letters},
	volume  = {21},
	number  = {2},
	pages   =	{169--177},
	year    = {2000},
}

@inproceedings{osowski:02,
	author    = {S. Osowski and D. D. Nghia},
	title     = {Fourier and wavelet descriptors for shape recognition using neural networks -- a comparative study},
	booktitle = {Pattern Recognition},
	volume    = {35},
	number    = {9},
	pages     = {1949--1957},
	year      = {2002},
}

@Book{nixon,
	author    = "M. Nixon and A. Aguado", 
	title     = "Feature Extraction \& Image Processing", 
	edition   = "2",
	publisher = "Elsevier",
	year      = "2008"
}

@article{papa:2009a,
	author  = {J. P. Papa and  A. X. Falcão and Celso T. N. Suzuki},
	title   = {Supervised pattern classification based on optimum-path forest},
	journal = {International Journal of Imaging Systems and Technology},
	volume  = {19},
	number  = {2},
	pages   = {120--131},
	year    = {2009},
}

@Book{bishop:2006,
	author      =	{Christopher M. Bishop},
	title       = {Pattern Recognition and Machine Learning},
	publisher   = {Springer},
	year        = {2006},
	edition     =	{1},
}

@article{jiang_kong:2007,
	author    = "W. Jiang and G. S. Kong", 
	journal   = "{IEEE} Transactions on Neural Networks",  
	title     = "Block-Based Neural Networks for Personalized {ECG} Signal Classification", 
	volume    = "18", 
	number    = "6",
	pages     = "750--1761 ", 
	year      = "2007", 
}


@article{ince_kiranyaz_gabbouj:2009,
	author    = "T. Ince and S. Kiranyaz and M. Gabbouj", 
	title     = "A Generic and Robust System for Automated Patient-Specific Classification of {ECG} Signals",
	journal   = TBE, 
	volume    = "56", 
	number    = "5",
	pages     = "1415--1427",
	year      = "2009",  
}


@inproceedings{tavakoli_sahba_hajebi:2009,
	author    = "V. Tavakoli and N. Sahba and N. Hajebi", 
	title     = "A fast and accurate method for arrhythmia detection", 
	booktitle = EMBC, 
	pages     = "1897--1900", 
	year      = "2009",  
}

@article{brij:2006,
	author    = "B. N. Singh and A. K. Tiwari",
	title     = "Optimal selection of wavelet basis function applied to {ECG} signal denoising",
	journal   = JDSP,
	volume    = "16",
	number    = "3",
	pages     = "275--287",
	year      = "2006", 
}

@article{minhas_arif:2008,
	author    = "F. A. Minhas and M. Arif",
	title     = "Robust electrocardiogram ({ECG}) beat classification using discrete wavelet transform",
	journal   = "Physiological Measurement",
	volume    = "29", 
	number    = "5", 
	pages     = "555--570", 
	year      = "2008",
}

@article{fredric_soowhan:2002,
	author    = "M. H. Fredric  and H. Soowhan",
	title     = "Classification of  Cardiac Arrhythmias Using Fuzzy {ARTMAP}",
	journal   = TBE,
	volume    = "43",
	number    = "4",
	pages     = "425--429",
	year      = "2002",
}



@article{pan_e_tompkins:1985,
	author    = "J. Pan and W. J. Tompkins", 
	journal   = TBE,  
	title     = "A Real-Time {QRS} Detection Algorithm", 
	volume    = "32", 
	number    = "3",
	pages     = "230--236", 
	year      = "1985", 
}

@article{valtino_et_al:1999,
	author    = "V. X. Afonso and W. J. Tompkins and T. Q. Nguyen and S. Luo", 
	journal   = TBE,
	title     = "{ECG} beat detection using filter banks",
	volume    = "46",
	number    = "2",
	pages     = "192--202",
	year      = "1999", 
}
@article{christov_bortolan:2004,
	author    = "I. Christov and G. Bortolan",
	title     = "Ranking of pattern recognition parameters for premature ventricular contractions classification by neural networks",
	journal   = "Physiological Measurement",
	volume    = "25",
	number    = "5",
	pages     = "1281--1290",
	year      = "2004",
}


@article{ozbay:2008,
	author    = {Y. {\"O}zbay},
	title     = "A New Approach to Detection of {ECG} Arrhythmias: Complex Discrete Wavelet Transform Based Complex Valued Artificial Neural Network",
	journal   = "Journal of Medical Systems",
	volume    = "33",
	number    = "6",
	pages     = "435--445",
	year      = "2009"
}

@article{lim:2009,
	author    = "J. S. Lim", 
	title     = "Finding Features for Real-Time Premature Ventricular Contraction Detection Using a Fuzzy Neural Network System", 
	journal   = "{IEEE} Transactions on Neural Networks", 
	volume    = "20", 
	number    = "3",
	pages     = "522--527", 
	year      = "2009",  
}

@misc{esc:db,
	author       = "National Research Council ({CNR})",
	title        = "European ST-T Database. Institute of Clinical Physiology,Dept. of Bioengieering and Medical Informatics",
	howpublished = "available at: \url{http://www.ifc.pi.cnr.it/}",
}

@inproceedings{zhou_li:2004    ,
	author    = "J. Zhou and L. Li",
	title     = "Regularized B-spline network and its application to heart arrhythmia classification",
	booktitle = "ACM Symposium on Applied computing (SAC 2004)",
	pages     = "291--295",
	year      = "2004", 
}


@inproceedings{moody_e_mark:1989,
	author    = "G. B. Moody and R. G. Mark", 
	title     = "{QRS} morphology representation and noise estimation using the Karhunen-Loeve transform", 
	journal   = "Computers in Cardiology", 
	pages     = "269--272", 
	year      = "1989",
}


@inproceedings{zhang_et_al:2004,
	author    = "Z. G. Zhang and H. Z. Jiang and D. F. Ge and X. J. Xiang", 
	title     = "Pattern recognition of cardiac arrhythmias using scalar autoregressive modeling", 
	booktitle = "World Congress on Intelligent Control and Automation (WCICA 2004)", 
	volume    = "6", 
	pages     = "5545--5548", 
	year      = "2004",
}

@inproceedings{prasad_sahambi:2003,
	author    = "G. K. Prasad and J. S. Sahambi", 
	title     = "Classification of {ECG} arrhythmias using multi-resolution analysis and neural networks", 
	booktitle = "Conference on Convergent Technologies for Asia-Pacific Region (TENCON 2003)", 
	year      = "2003", 
	pages     = "227--231", 
}

@book{Kuncheva:2004:CPC:975251,
	author = {Kuncheva, Ludmila I.},
	title = {Combining Pattern Classifiers: Methods and Algorithms},
	year = {2004},
	publisher = {Wiley-Interscience},
} 

@INPROCEEDINGS{clarkson_et_al:1995, 
	author={Clarkson, P. M. and Szi-Wen Chen and Qi Fan}, 
	booktitle={International Conference on Acoustics, Speech, and Signal Processing (ICASSP)}, 
	title={A robust sequential detection algorithm for cardiac arrhythmia classification}, 
	volume={2}, 
	pages={1181--1184}, 
	year={1995}, 
}

@inbook{Rumelhart:1995:BBT:201784.201785,
	author = {Rumelhart, David E. and Durbin, Richard and Golden, Richard and Chauvin, Yves},
	title = {Backpropagation: the basic theory},
	book = {Backpropagation},
	year = {1995},
	pages = {1--34},
	
	publisher = {L. Erlbaum Associates Inc.},
}


@inproceedings{holden_et_al:2008,
	author    = {Holden, Nicholas and Freitas, Alex A.},
	title     = {Improving the performance of hierarchical classification with swarm intelligence},
	booktitle = {European Conference on Evolutionary Computation, Machine Learning and Data Mining in Bioinformatics (EvoBIO)},
	year      = {2008},
	pages     = {48--60},
}

@inproceedings{lannoy_et_al:2010,
	author    = {Ga\"{e}l {de Lannoy} and Damien Fran\c{c}ois and Jean Delbeke and Michel Verleysen},
	title     = {Weighted {SVMs} and Feature Relevance Assessment in Supervised Heart Beat Classification},
	booktitle = {Biomedical Engineering Systems and Technologies (BIOSTEC)},
	pages     = {212--223},
	year      = {2010},
}


@article{shen_et_al:2008,
	author  = "K.-Q. Shen and C.-J. Ong and X.-P. Li and E. P. Wilder-Smith",
	title   = "Feature selection via sensitivity analysis of {SVM} probabilistic outputs",
	journal = "Machine Learning", 
	volume  = "70", 
	number  = "1",
	pages   = "1--20",
	year    = "2008"
}


@article{castillo:1997,
	author  = "E. Castillo J. M. Guti\'{e}rrez and A. Hadi",
	title   = "Sensitivity analysis in discrete bayesian networks",
	journal = "{IEEE} Transactions on Systems, Man and Cybernetics", 
	volume  = "26", 
	number  = "7",
	pages   = "412--423",
	year    = "1997"
}

@book{Guyton2006,
	author    = {A. C. Guyton and J. E. Hall},
	title     = {Textbook of Medical Physiology},
	publisher = {Saunders},
	edition   = 12,
	year      = 2010,
}

@article{guyon_elisseeff:2003,
	author  = "Isabelle Guyon and Andr\'{e} Elisseeff",
	title   = "An Introduction to Variable and Feature Selection",
	journal = "Journal of Machine Learning Research ", 
	volume  = "3", 
	number  = "?",
	pages   = "1157--1182",
	year    = "2003"
}

@article{pearson:1901,
	author  = "K. Pearson",
	title   = "On Lines and Planes of Closest Fit to Systems of Points in Space",
	journal = "Philosophical Magazine", 
	volume  = "2", 
	number  = "6",
	pages   = "559--572",
	year    = "1901",
	note    = "available at: \url{http://stat.smmu.edu.cn/history/pearson1901.pdf}"
}

@INPROCEEDINGS{moody_et_al:1984, 
	author    = {G. B. Moody and W. E. Muldrow  and R. G. Mark}, 
	title     = {A noise stress test for arrhythmia detectors}, 
	booktitle = {Computers in Cardiology}, 
	volume    = {11},
	year      = {1984}, 
	pages     = {381--384}, 
}

@article{tadei_et_al:1992,
	author  = "A. Taddei and G. Distante and M. Emdin and P.  and G. B. Moody  and C. Zeelenberg and C. Marchesi",
	title   = "The European {ST-T} Database: standard for evaluating systems for the analysis of {ST-T} changes in ambulatory electrocardiography",
	journal = "European Heart Journal", 
	volume  = "13", 
	number  = "",
	pages   = "1164--1172",
	year    = "1992",
}

@INPROCEEDINGS{nolle_et_al:1986, 
	author    = {F. M. Nolle and F. K. Badura and J. M. Catlett and R. W. Bowser and M. H. Sketch}, 
	title     = {{CREI-GARD}, a new concept in computerized arrhythmia monitoring systems}, 
	booktitle = {Computers in Cardiology}, 
	volume    = {13},
	pages     = {515--518}, 
	year      = {1986},   
}

@article{spach:1983,
	author  = "M. S. Spach and J. M. Kootsey",
	title   = "The nature of electrical propagation in cardiac muscle",
	journal = "American Journal of Physiology -- Heart and Circulatory Physiology", 
	volume  = "244", 
	number  = "H",
	pages   = "3--22",
	year    = "1983",
}

@book{barill:2003,
	author    = "Tracy Barill",
	title     = "The Six Second {ECG}: A Practical Guidebook to Basic {ECG} Interpretation",
	publisher = "nursecom",
	year      = "2003",
}

@article{pater:2005,
	author={Cornel Pater},
	title={Methodological considerations in the design of trials for safety assessment of new drugs and chemical entities},
	journal={Trials},
	volume={6},
	number={1},
	pages={1--13},
	year={2005},
}

@article{singh:2012,
	title   = {Time-Based Compression and Classification of Heartbeats},
	author  = {Alexander Singh Alvarado and Choudur Lakshminarayan and Jos\'e C. Pr\'incipe},
	journal = TBE,
	volume  = {59},
	number  = {6},
	pages   = {1641--1648},
	year    = {2012},
}

@inproceedings{chazal:2013,
	author    = "Philip {de Chazal}", 
	title     = "Detection of supraventricular and ventricular ectopic beats using a single lead {ECG}", 
	booktitle = EMBC, 
	pages     = "45--48", 
	year      = "2013",  
}

@article{lannoy_et_al:2012,
	title={Weighted conditional random fields for supervised interpatient heartbeat classification},
	author={{de Lannoy}, Ga{\"e}l and Fran{\c{c}}ois, Damien and Delbeke, Jean and Verleysen, Michel},
	journal=TBE,
	volume={59},
	number={1},
	pages={241--247},
	year={2012},
}


@article{fayyad_irani:1992,
	author  = {Usama M. Fayyad and Keki B. Irani},
	title   = {On the Handling in Decision Tree of Continuous-Valued Attributes Generation},
	journal = {Machine Learning},
	volume  = {8},
	pages   = {87--102},
	year    = {1992},
}
number  = {1},

@article{quinlan:1996,
	author  = {J. R. Quinlan},
	title   = {Improved Use of Continuous Attributes in C4.5},
	journal = {Journal of Artifficial Intelligence Research},
	volume  = {4},
	pages   = {77--90},
	year    = {1996},
}
number  = {1},

@article{quinlan:1986,
	author  = {J. R. Quinlan},
	title   = {Induction of decision trees},
	journal = {Machine Learning},
	volume  = {1},
	pages   = {81--106},
	year    = {1986},
}
number  = {1},


@article{Gales:2007,
	author = {Gales, Mark and Young, Steve},
	title = {The Application of Hidden Markov Models in Speech Recognition},
	journal = {Foundations and Trends in Signal Processing},
	volume = {1},
	number = {3},
	year = {2007},
	pages = {195--304},
} 


@article{Rabiner:1989,
	author  = {L. R. Rabiner},
	title   = {A tutorial on hidden Markov models and selected applications in speech recognition},
	journal = {Proceedings of IEEE},
	volume  = {77},
	number  = {2},
	year    = {1989},
	pages   = {257--286},
}


@article{llamedo:2012,
	author  = {Llamedo, M. and Khawaja, A. and Martinez, J. P.},
	title   = {Cross-Database Evaluation of a Multilead Heartbeat Classifier},
	journal = {IEEE Transactions on Information Technology in Biomedicine},
	volume  = {16},
	number  = {4},
	year    = {2012},
	pages   = {658--664},
}



@article{llamedo_martinez:2012,
	author  = {Llamedo, M. and Martinez, J. P.},
	title   = {An Automatic Patient-Adapted {ECG} Heartbeat Classifier Allowing Expert Assistance},
	journal = TBE,
	volume  = {59},
	number  = {8},
	year    = {2012},
	pages   = {2312--2320},
}

@inproceedings{llamedo:2011, 
	author={Llamedo, M. and Martinez, J. P.}, 
	title={Analysis of a semiautomatic algorithm for {ECG} heartbeat classification}, 
	booktitle={Computers in Cardiology},   
	year={2011}, 
	pages={137--140}, 
}

@ARTICLE{tomasic_trobec:2014, 
	author  = {Toma\^{s}i\'c, I. and Trobec, R.}, 
	title   = {Electrocardiographic Systems With Reduced Numbers of Leads -- Synthesis of the 12--Lead {ECG}}, 
	journal = {{IEEE} Reviews in Biomedical Engineering}, 
	year    = {2014}, 
	volume  = {7},
	pages   = {126--142},
}

@ARTICLE{Principe:2014, 
	author  = {J. C. Principe}, 
	title   = {Editorial}, 
	journal = {{IEEE} Reviews in Biomedical Engineering}, 
	year    = {2014}, 
	volume  = {7},
	pages   = {1--2},
}

@article{Kutlu:2012,
	author  = "Yakup Kutlu and Damla Kuntalp",
	title   = "Feature extraction for {ECG} heartbeats using higher order statistics of {WPD} coefficients ",
	journal = "Computer Methods and Programs in Biomedicine ",
	volume  = "105",
	number  = "3",
	pages   = "257--267",
	year    = "2012",
}



@article{Zadeh:2010,
	author  = "Ataollah Ebrahim Zadeh and Ali Khazaee and Vahid Ranaee",
	title   = "Classification of the electrocardiogram signals using supervised classifiers and efficient features",
	journal = "Computer Methods and Programs in Biomedicine ",
	volume  = "99",
	number  = "2",
	pages   = "179--194",
	year    = "2010",
}


@article{Yeh:2008,
	author  = "Yun-Chi Yeh and Wen-June Wang",
	title   = "{QRS} complexes detection for {ECG} signal: The Difference Operation Method ",
	journal = "Computer Methods and Programs in Biomedicine ",
	volume  = "91",
	number  = "3",
	pages   = "245--254",
	year    = "2008",
}

- Elif Derya Ubeyli, ?Adaptive neuro-fuzzy inference system for classification of ECG signals using Lyapunov exponents?, computer methods and programs in biomedicine, Ankara, Turkey, 2008.
@article{Ubeyli:2009b,
	author  = "Elif Derya {\"U}beyli",
	title   = "Adaptive neuro-fuzzy inference system for classification of {ECG} signals using {Lyapunov} exponents ",
	journal = "Computer Methods and Programs in Biomedicine",
	volume  = "93",
	number  = "3",
	pages   = "313--321",
	year    = "2009",
}

- Szi-Wen Chena, Hsiao-Chen Chena and Hsiao-Lung Chanb ; ?A real-time QRS detection method based on moving-averaging incorporating with wavelet denoising?; Computer methods and programs in
biomedicine 82 (2006) 187?195
@article{Chen:2006,
	author   = "Szi-Wen Chen and Hsiao-Chen Chen and Hsiao-Lung Chan",
	title    = "A real-time {QRS} detection method based on moving-averaging incorporating with wavelet denoising ",
	journal  = "Computer Methods and Programs in Biomedicine ",
	volume   = "82",
	number   = "3",
	pages    = "187--195",
	year     = "2006",
}


@article{Meau:2006,
	author  = "Yeong Pong Meau and Fatimah Ibrahim and Selvanathan A. L. Narainasamy and Razali Omar",
	title   = "Intelligent classification of electrocardiogram ({ECG}) signal using extended Kalman Filter ({EKF}) based neuro fuzzy system ",
	journal = "Computer Methods and Programs in Biomedicine ",
	volume  = "82",
	number  = "2",
	pages   = "157--168",
	year    = "2006",
	
}



@article{Tsipouras:2004,
	author  = "Markos G. Tsipouras and Dimitrios I. Fotiadis",
	title   = "Automatic arrhythmia detection based on time and time?frequency analysis of heart rate variability ",
	journal = "Computer Methods and Programs in Biomedicine ",
	volume  = "74",
	number  = "2",
	pages   = "95--108",
	year    = "2004",
}


@article{CuestaFrau:2003,
	author = "David Cuesta-Frau and Juan C. Pérez-Cortés and Gabriela Andreu-Garc??a",
	title = "Clustering of electrocardiograph signals in computer-aided Holter analysis",
	journal = "Computer Methods and Programs in Biomedicine ",
	volume = "72",
	number = "3",
	pages = "179--196",
	year = "2003",
	
}


@article{Kundu:2000,
	author  = "Mahantapas Kundu and Mita Nasipuri and Dipak Kumar Basu",
	title   = "Knowledge-based {ECG} interpretation: A critical review",
	journal = "Pattern Recognition",
	volume  = "33",
	number  = "3",
	pages   = "351--373",
	year    = "2000",
}

@article{chen:1996,
	title={A robust sequential detection algorithm for cardiac arrhythmia classification},
	author={Chen, Szi-Wen and Clarkson, Peter M and Fan, Qi},
	journal=TBE,
	volume={43},
	number={11},
	pages={1120--1124},
	year={1996},
}
@article{moreira2015multi,
	title={Multi-objective dynamic programming for spatial cluster detection},
	author={Moreira, Gladston JP and Paquete, Lu{\'\i}s and Duczmal, Luiz H and Menotti, David and Takahashi, Ricardo HC},
	journal={Environmental and Ecological Statistics},
	volume={22},
	number={2},
	pages={369--391},
	year={2015},
	publisher={Springer}
}
@inproceedings{kennedy1997discrete,
	title={A discrete binary version of the particle swarm algorithm},
	author={Kennedy, James and Eberhart, Russell C},
	booktitle={Systems, Man, and Cybernetics, 1997. Computational Cybernetics and Simulation., 1997 IEEE International Conference on},
	volume={5},
	pages={4104--4108},
	year={1997},
	organization={IEEE}
}

@inproceedings{cervante2012binary,
	title={Binary particle swarm optimisation for feature selection: A filter based approach},
	author={Cervante, Liam and Xue, Bing and Zhang, Mengjie and Shang, Lin},
	booktitle={2012 IEEE Congress on Evolutionary Computation},
	pages={1--8},
	year={2012},
	organization={IEEE}
}

@inproceedings{chuang2008chaotic,
	title={Chaotic binary particle swarm optimization for feature selection using logistic map},
	author={Chuang, Li-Yeh and Li, Jung-Chike and Yang, Cheng-Hong},
	booktitle={Proceedings of the International MultiConference of Engineers and Computer Scientists},
	volume={1},
	year={2008}
}
@article{gustafson1977statistical,
	title={A statistical approach to rhythm diagnosis of cardiograms},
	author={Gustafson, DONALD E and Willsky, AS and Wang, Jyh-Yun and Lancaster, MC and Triebwasser, JH},
	journal={Proceedings of the IEEE},
	volume={65},
	number={5},
	pages={802--804},
	year={1977},
	publisher={IEEE}
}